3104 4814
168 663 240 720 too
458 754 462 761 ἡ
568 638 717 740 Idsltria
741 638 869 743 Eresos.
895 637 1041 740 Christ.
1171 604 1175 613 Ι

169 818 229 897 De
263 815 504 894 Abiukanifalr
526 820 702 895 Alnoman
727 818 898 913 refertur,
931 841 1010 895 enm
1040 815 1079 893 in
1108 834 1251 895 carcere
1267 795 1403 905 sepliss

172 915 290 989 millies
321 917 503 1013 perlegisse
535 918 771 1006 Alcoranum,
810 917 942 1009 Pocok.
972 917 1071 991 Mor.
1103 915 1209 987 aab.
1242 930 1279 1005 p·
1316 908 1403 1001 ²98·

175 1012 336 1087 Textum
374 1013 521 1108 denique
550 1015 717 1087 Alcornni
740 1013 851 1110 aliqua
874 1016 912 1088 in
936 1035 976 1087 re
1000 1012 1036 1085 in
1068 1004 1211 1084 dubium
1245 1010 1403 1087 vocare',

175 1128 388 1203 quoeunque
412 1110 521 1180 etiam
544 1107 604 1182 sub
627 1127 834 1206 praetextu,
867 1108 963 1188 nefas
985 1124 1071 1180 erat.
1120 1102 1189 1177 Sed
1212 1120 1297 1198 prae
1320 1114 1406 1167 cae·

128 1266 134 1281 ,
179 1202 266 1276 teris
286 1201 445 1276 omnibns
468 1202 610 1277 excellit
637 1200 713 1277 Sur.
739 1205 789 1293 1.,
823 1229 890 1302 qua
912 1202 1069 1277 omnium
1093 1199 1261 1274 librorum
1286 1190 1406 1265 sacro·

178 1318 258 1371 rum
289 1296 484 1372 dodirinatn
518 1297 770 1396 comprehendi
799 1299 1042 1389 crediderunt,
1083 1294 1223 1392 ejusque
1255 1282 1405 1363 teudoni

181 1414 346 1490 maguum
366 1394 436 1468 else
452 1392 681 1468 constitutum
698 1397 918 1492 praemium,
939 1392 999 1468 sibi
1018 1389 1266 1492 persuaserunt.
1315 1382 1409 1458 vid.

183 1495 295 1564 verba
320 1488 480 1562 Alhasani
504 1491 596 1590 apud
622 1490 838 1565 Maraccium
864 1493 907 1565 ad
925 1513 1012 1565 eam.
1389 1508 1395 1513 ·

234 1583 266 1684 l.
290 1586 373 1661 XCI
413 1585 573 1658 Alterum
606 1585 787 1682 religionis
811 1609 932 1660 eorum
977 1581 1191 1682 principium
1224 1573 1276 1649 est
1290 1573 1409 1663 Sunt,

183 1687 243 1757 vel
268 1684 324 1755 lex
340 1680 471 1768 ‚oralis,
513 1699 552 1755 ut
577 1683 703 1756 Ebnol.
730 1679 835 1756 Athir
860 1681 965 1757 docet
991 1679 1082 1776 apud
1110 1671 1260 1751 Pocock.
1294 1672 1316 1743 l.
1342 1689 1404 1761 e.,

183 1779 327 1864 dicens,
350 1778 437 1849 iuter
457 1781 663 1870 probationes
684 1779 809 1870 legales
835 1792 1044 1853 uumermtur
1066 1772 1168 1847 Liber
1190 1784 1224 1843 et
1251 1766 1342 1841 sana
1363 1763 1404 1838 ir.

176 1895 219 1949 e.
268 1873 471 1958 Alrorauur,
496 1889 527 1942 tr
550 1873 634 1946 diua
650 1869 810 1968 falloque
832 1872 1084 1948 Mulommtdir.
1131 1865 1197 1940 Sed
1221 1861 1258 1938 in
1284 1883 1330 1935 eo
1352 1858 1409 1963 sc·

184 1990 268 2043 cum
296 1966 457 2039 diffident
483 1966 605 2039 Persae
628 1987 666 2040 et
690 1967 850 2060 Tureae,
881 1993 961 2044 eum
987 1970 1038 2040 llll
1069 1963 1230 2060 respuant
1254 1961 1407 2050 sunam,

186 2065 365 2140 Alcorano
393 2058 499 2132 unice
529 2057 652 2146 adfixi,
672 2096 677 2106 ·
700 2060 735 2133 hi
765 2086 852 2137 vero
881 2066 1069 2160 adoptent,
1106 2058 1190 2133 inde
1236 2053 1445 2145 Sunitaep

180 2150 443 2244 ‚traditionarii,
468 2152 565 2230 disli.
616 2156 704 2231 Vox
721 2179 809 2230 vero
816 2158 922 2256 sono,
948 2157 1078 2258 assona,
1097 2151 1238 2253 proprie
1253 2149 1409 2224 denotat

178 2254 305 2341 uiam,
330 2247 650 2342 conversationem,
676 2251 734 2326 seu
757 2254 852 2330 vitae
875 2255 1091 2342 institutum,
1117 2251 1153 2323 in
1167 2243 1286 2346 specie
1303 2245 1407 2341 qnie-

183 2347 277 2449 vquid
308 2346 505 2457 praecepit,
537 2355 595 2421 vel
611 2347 744 2439 vetuit,
779 2351 976 2447 Propheta,
1000 2351 1056 2422 seu
1074 2343 1188 2434 uiuo,
1215 2339 1271 2414 seu
1288 2335 1411 2430 fauo,

182 2443 349 2544 ,quodrn
373 2444 549 2516 Alcorano
579 2466 652 2517 non
684 2467 914 2535 memoratur,
953 2445 1091 2542 prorsus
1123 2461 1162 2515 ut
1193 2435 1409 2536 judaeorum

116 2582 131 2595 -
164 2538 343 2638 mim)
374 2537 549 2632 Misclrua,
588 2537 647 2610 seu
670 2546 841 2640 'euripum
864 2541 1144 2614 lexSttundort'a.
1200 2532 1412 2627 Adpellatut

192 2662 302 2730 etrum
329 2635 397 2708 alio
413 2633 558 2705 nornine
574 2635 739 2726 ollroditlr,
764 2639 823 2711 seo
850 2637 1014 2726 historia,
1041 2636 1099 2708 vel
1122 2630 1292 2717 narratio,
1318 2649 1411 2700 con·

192 2737 309 2812 tinent
347 2728 480 2805 sensnm
509 2728 723 2827 Mystrcum,
764 2753 823 2808 aut
856 2735 1040 2820 moralem,
1086 2726 1157 2801 five
1188 2726 1230 2800 fit
1259 2722 1410 2796 effatum

191 2835 291 2934 pilu
318 2826 790 2935 aenigma,sedspecialiter
812 2829 942 2903 drdlum
968 2826 1024 2901 vel
1040 2823 1167 2898 fretum
1185 2819 1415 2895 Muhatnme·

186 2933 270 3016 dis,
299 2947 363 3020 per
386 2922 610 3026 tradinonern
638 2948 763 2999 errore
788 2946 986 3022 receptum,
1012 2921 1116 3021 γέμῃ
1136 2917 1305 2994 Sententia
1330 2916 1415 2993 bre·

187 3023 272 3109 mit,
312 3015 427 3109 quales
449 3014 744 3093 circumferuntur
775 3023 921 3109 multae,
961 3023 1020 3094 sub
1045 3016 1157 3092 titulis
1187 3037 1237 3105 40
1269 3009 1412 3085 sentem

194 3119 341 3197 riarum,
368 3109 437 3182 sive
464 3106 505 3179 srt
527 3108 704 3190 Mischna.
752 3117 918 3187 Ceterum
942 3113 1077 3211 septem
1105 3113 1323 3186 celebrantur
1346 3126 1412 3184 att·-

191 3205 427 3290 ,tlrenticarum
455 3203 680 3279 traditionum
704 3227 862 3299 autores,
895 3212 954 3309 qui
984 3234 1042 3282 eas
1065 3232 1110 3282 ex
1135 3230 1196 3280 ore
1244 3202 1415 3278 Muharu-

146 3357 150 3381 .
187 3301 309 3388 ,medio
332 3302 521 3408 creduntur
551 3299 744 3398 excepisse,
776 3318 923 3400 quorum
957 3305 1159 3414 praecipuus
1184 3299 1234 3373 est
1265 3296 1413 3374 Abube'·

188 3406 278 3482 -kert
304 3396 516 3485 reliquorum
535 3395 674 3469 nomina
689 3397 894 3474 recensuisse
912 3399 997 3475 nihil
1014 3402 1159 3474 adtinet.
1208 3396 1296 3474 Vid.
1315 3393 1413 3493 Gag-

190 3500 283 3579 niet.
306 3491 349 3566 ad
366 3487 529 3563 Abulsed.
555 3511 586 3562 c.
614 3513 669 3582 19.
696 3512 733 3568 et
755 3493 798 3569 de
816 3499 907 3572 Suna
925 3497 1132 3594 Hottinger.
1159 3493 1246 3570 Bibl.
1266 3489 1415 3579 Orient,

193 3590 302 3675 1.111.
330 3584 481 3692 p.‚·11..c.
501 3605 533 3657 a.
568 3586 607 3657 In
628 3609 758 3698 corpur
783 3594 1030 3691 pandediarum
1050 3590 1256 3667 traditiones
1270 3584 1415 3684 redegit

195 3681 425 3771 Albochartus
440 3700 519 3751 ann.
538 3680 696 3791 Hegrrae
716 3710 798 3783 224.
816 3690 853 3766 in
870 3694 978 3781 libro,
994 3689 1088 3766 didio
1108 3685 1297 3772 al-Sahih,
1324 3683 1362 3759 h.
1380 3702 1418 3759 e.

194 3788 372 3889 spretor,
389 3793 512 3881 purus,
530 3797 610 3869 quta
624 3786 794 3876 genuinas
809 3784 965 3861 distinxit
979 3785 1137 3884 aspuriis.
1164 3779 1419 3895 Quemdbmm

197 3874 388 3968 recensuit,
412 3887 450 3942 et
465 3868 551 3941 alrot
566 3875 679 3948 Suriae
695 3879 878 3974 scriptores
895 3881 1080 3974 exhibuit,
1098 3873 1419 3991 Hottrngerdcit.

243 3978 278 4082 §.
302 3967 414 4081 xcii.
447 3963 587 4061 Religio
616 3970 913 4079 llsuhamrnedana
943 3981 1133 4076 praecipue
1159 3996 1197 4051 et
1220 3993 1330 4051 tutius
1353 3994 1423 4070 pe·

185 4075 285 4231 vtitur
306 4091 353 4155 ex
373 4057 582 4207 tlfflffl·
604 4065 721 4159 uhtu,
746 4089 786 4195 ut
800 4072 1011 4221 unicornio,
1035 4073 1177 4173 eiusque
1199 4085 1427 4250 corpprppgj

194 4234 205 4251 a
236 4222 249 4253 h
1410 4217 1428 4260 2
