3104 4814
147 606 220 674 ltt
508 584 680 686 ddlloria
705 587 833 690 Eccles.
860 591 975 692 christ.
1006 581 1009 585 ⁵

150 767 289 849 Millius
309 763 702 862 de'MultummedauiJmu
719 782 795 846 onte
810 768 1095 860 Multa-melem,
1113 762 1145 866 5.
1164 787 1225 859 52.
1276 764 1373 837 Fum

151 869 239 943 dant
259 885 347 938 vero
373 863 426 936 rei
454 860 713 959 poffibilitatem
737 863 776 945 in
808 867 881 941 Dei
917 863 1183 965 omnipotentia
1256 861 1374 964 Quae·

151 961 245 1037 renti
260 959 297 1033 in
314 958 509 1048 Alcorano,
534 962 605 1053 quis
621 957 686 1055 offa
704 965 790 1033 vitae
814 961 979 1058 restituet,
997 986 1078 1037 cum
1095 958 1280 1055 putredine
1295 955 1381 1029 fue·

153 1065 226 1134 rint
251 1051 456 1143 consumta,
488 1054 738 1148 respondetur,
776 1058 853 1149 ille,
898 1063 951 1152 qui
968 1062 1075 1152 primo
1096 1058 1162 1129 illis
1188 1053 1248 1150 effe
1272 1051 1386 1125 dedit.-

43 1178 48 1183 ·
121 1205 126 1217 ·
154 1155 305 1230 Plurima
338 1171 528 1225 occurrunt
562 1151 598 1225 in
633 1152 809 1226 Alcorauo
842 1153 1104 1229 resurrectionis
1131 1152 1380 1232 documenta5

156 1268 195 1326 et
222 1249 349 1344 ubique
375 1247 419 1320 de
444 1268 485 1319 ea
507 1243 698 1335 dilleritur,
738 1245 939 1343 praesertim
963 1252 1038 1323 Sur.
1072 1245 1244 1336 LXXV„
1285 1260 1383 1340 quae

156 1344 378 1431 inscribitur,
401 1341 605 1439 resurrtlliu,
628 1338 687 1415 ubi
710 1342 840 1417 variae·
851 1368 916 1439 pro
940 1367 987 1418 eo
1010 1345 1176 1441 dogmate
1191 1338 1381 1438 proferun-

96 1530 102 1535 ‚
158 1460 216 1515 tur
241 1437 403 1514 rationes.
453 1438 624 1534 Denique
655 1458 726 1511 non
758 1440 888 1532 nudos,
927 1440 987 1515 sed
1021 1437 1174 1513 vestibus
1210 1455 1381 1519 ornator,

158 1533 412 1613 resurrecturos
437 1533 530 1623 elle,
574 1533 759 1630 aJudaeia
782 1556 921 1633 quoque
953 1535 1093 1628 edocti,
1125 1533 1298 1622 credunt,
1331 1543 1383 1639 'et

167 1631 396 1709 fimilitudine
414 1630 527 1706 tritici
542 1626 720 1705 illustrant.
767 1630 877 1706 Diem
893 1651 930 1706 et
953 1633 1076 1706 horam
1092 1626 1381 1713 resurreetione,

159 1728 247 1807 licet
269 1728 431 1804 omuibus
453 1725 618 1799 creaturis
638 1724 817 1823 ignotam,
848 1728 933 1801 Deo
957 1745 1094 1802 tantum
1117 1745 1256 1801 notam*
1269 1743 1397 1819 agno-f

163 1826 287 1913 scunt,
324 1821 377 1897 uti
402 1822 503 1918 saepe
527 1821 565 1894 in
587 1822 785 1907 Alcorano,
823 1824 930 1898 multa
951 1842 1068 1898 tamen
1100 1820 1194 1919 slgtla
1223 1817 1385 1895 statuunt

161 1921 327 2022 praevia,
359 1939 447 2011 quae
471 1915 565 1989 diem
587 1914 683 1990 illum
706 1913 989 2016 adpropinquare
1013 1916 1230 2017 fignificant,
1259 1932 1296 1988 et
1335 1912 1386 2015 in·-

163 2015 299 2113 majora
320 2034 361 2085 ac
384 2011 524 2085 minora
549 2009 782 2104 distribuunt,
804 2036 893 2111 quae
919 2014 1061 2090 exhibet
1078 2013 1230 2088 Pocock.
1280 2012 1384 2082 lntet·

165 2131 254 2209 quae
284 2107 400 2182 notari
432 2124 632 2198 merentur,
681 2112 795 2181 totalis
824 2109 945 2184 mundi
974 2109 1176 2206 corruptio,
1216 2107 1392 2204 ingente·¹

165 2224 366 2297 temporum
390 2200 588 2299 angustiae,
609 2206 716 2276 'ortua
739 2202 868 2278 bestiae
894 2206 1065 2282 terrestris
1088 2201 1254 2292 inmanis,
1293 2199 1386 2275 licut

165 2298 297 2400 Judaei
322 2300 368 2372 de
391 2300 591 2372 Behemotb
616 2297 797 2395 garriunt,
820 2294 1029 2376 Antichristi
1052 2303 1242 2386 adventus,
1277 2316 1386 2387 quent

166 2398 292 2499 Judaei
316 2395 550 2491 adoptabunt,
576 2395 673 2490 Jesus
701 2418 789 2468 vero
811 2393 1013 2472 interficiet.
1060 2398 1176 2493 Jesum
1202 2393 1299 2470 enim
1317 2413 1390 2467 nu·¹

167 2512 296 2591 gantur
321 2491 357 2564 in
382 2509 510 2563 terram
535 2489 777 2564 descensurum
806 2494 848 2564 ad
873 2511 1008 2588 partem
1038 2489 1198 2567 Damasci
1228 2492 1384 2564 orienta-

167 2593 259 2676 lem,
283 2584 676 2660 Muhammed'ulidem
701 2586 963 2682 amplexurum,
1005 2612 1151 2662 uxorem
1174 2585 1382 2676 ducturum,

167 2684 298 2762 liberos
323 2687 608 2778 procreatorum,
641 2702 869 2778 magnamque
893 2683 1083 2757 adlaturum
1108 2684 1145 2757 in
1171 2703 1262 2757 terra
1284 2681 1383 2755 secu·

152 2780 316 2865 ,ritatem
338 2801 381 2853 ac
405 2777 622 2853 felicitatem.
670 2777 800 2851 Bellum
825 2801 912 2852 vero
944 2779 1072 2853 Christi
1096 2803 1176 2853 curn
1208 2781 1313 2874 Gogo
1344 2793 1388 2851 et

174 2878 341 2982 Magogo
350 2927 362 2963 ‚
386 2873 466 2968 qni,
491 2875 606 2948 locum
624 2870 826 2949 Tiberiadis
842 2873 1077 2960 transcuntes,
1093 2876 1136 2948 ad
1155 2897 1311 2948 montem
1328 2871 1405 2946 ιώ·

196 2991 239 3042 ue
263 2968 618 3064 Hierosolymitanum
643 2973 875 3064 pervenient,
900 2972 981 3059 ubi,
1007 2993 1154 3068 rogante
1174 2972 1275 3068 Jesu,
1300 2991 1387 3066 pro·

167 2994 367 3142 amnentur
391 3085 411 3136 a
437 3064 538 3151 Deo,
580 3063 712 3162 aliaque
736 3067 847 3138 multa
878 3071 1133 3160 praetermitto.
1191 3062 1386 3140 Praesentia

171 3156 437 3238 resurredlionis
473 3157 607 3255 ssgnum
642 3159 707 3231 erit
741 3163 844 3232 tubae
878 3161 1029 3250 sonitus,
1069 3187 1173 3258 quem
1208 3161 1387 3260 triplicem

170 3255 344 3346 statuunt,
369 3255 522 3366 primum
537 3255 708 3368 adpellant
717 3250 845 3348 florum
864 3256 1148 3350 consternationis,
1172 3283 1244 3356 quo
1259 3259 1386 3333 sonan·

66 3415 69 3420 .
173 3373 238 3443 te,
285 3351 461 3447 corripiet
493 3375 611 3425 omnia
645 3349 885 3425 consternatio
909 3355 947 3428 in
974 3355 1077 3428 coelo
1103 3375 1140 3427 et
1164 3374 1276 3444 terra,
1314 3374 1386 3447 qua

171 3446 294 3528 omnia
318 3447 650 3545 conquassabantur,
681 3449 937 3543 aequabuntur,
965 3467 1003 3522 et
1026 3451 1306 3543 confundentem
1333 3454 1387 3528 se·

171 3545 327 3623 cundum
350 3541 469 3638 flamen
492 3546 764 3631 enumerationis,
797 3567 867 3641 qno
887 3543 994 3618 flante
1015 3546 1240 3645 exspirabant
1267 3551 1389 3626 omnia

171 3643 277 3730 viva,
302 3640 460 3734 exceptis
487 3640 570 3728 illis,
622 3666 682 3715 uos
704 3643 801 3715 Deus
818 3640 995 3735 communi
1010 3642 1085 3718 fato
1108 3646 1250 3740 eripere
1264 3647 1391 3721 volue·

174 3741 244 3829 nit,
285 3737 358 3811 imo
381 3737 539 3832 Angelos
564 3664 633 3812 elie
664 3738 872 3827 morituros;
906 3738 1050 3815 tertium
1078 3739 1204 3837 flamen
1228 3739 1390 3837 resurrec-

168 3839 295 3921 cionis,
347 3835 460 3907 nando
485 3833 685 3908 universalis
711 3833 780 3905 erit
802 3834 1032 3925 relurrecti03
1066 3839 1240 3932 Angelum
1267 3858 1389 3915 autem

171 3856 424 4030 ,Astaphdiem‚
448 3926 507 4024 qui
526 3933 608 4003 tuba
624 3929 793 4028 excitabit
810 3945 987 4019 mortuos,
1006 3931 1169 4006 staturum
1186 3933 1286 4029 super
1300 3935 1389 4032 lapi·

168 4032 261 4112 ,dem
285 4023 557 4128 Hierosolymae
579 4027 657 4104 Sur.
674 4025 796 4114 Leto.
812 4024 909 4100 luter
924 4026 1054 4113 flamen
1069 4029 1337 4202 emnimatipuis
1350 4049 1393 4105 et

164 4148 170 4164 ·
234 4144 250 4193 .’
270 4178 303 4195 ..
776 4166 779 4171 -
1075 4172 1079 4179 ·
1185 4174 1188 4183 ·
1225 4148 1399 4204 reurtec·
