3104 4814
595 700 617 711 ..
703 640 810 733 Serui
832 640 919 720 Vrt·
990 648 1029 703 '‘·'-
1131 678 1138 690 ·
1354 658 1425 747 ,Μ

194 816 377 896 nominem
409 814 504 895 nasci
523 826 559 892 ie
581 818 716 903 trenno
740 843 786 895 ex
806 820 975 915 dirutione,
1000 822 1054 901 uti
1076 820 1256 899 Resondur
1279 840 1422 918 qnoque

192 918 408 991 observavit
450 914 646 991 Derrima
677 920 916 1015 interrogatus
954 917 1187 995 Munammed
1224 942 1244 993 a
1278 914 1421 1015 Judaeit

188 1013 373 1111 respondit
396 1015 476 1088 Sur.
503 1011 630 1088 xvu:
656 1020 715 1093 86.
740 1015 884 1110 Spiritus
909 1015 958 1107 ert
980 1038 1023 1090 en
1044 1019 1170 1111 negorio
1195 1015 1331 1091 Domini
1353 1010 1420 1099 ruri

186 1111 225 1185 in.
247 1132 287 1185 e.
311 1132 360 1183 ex
379 1110 423 1183 iio
444 1104 496 1181 est
526 1109 651 1200 reboo,
682 1110 1005 1207 quorumscientio
1035 1110 1192 1207 pertinet
1214 1111 1258 1185 od
1284 1110 1416 1193 Deum

185 1210 354 1281 (ἰιιιετιιιι
381 1202 517 1279 nnimor
538 1204 601 1279 diu
623 1223 705 1280 onte
728 1204 895 1281 mundum
908 1207 991 1283 :effe
1018 1224 1156 1282 creator
1178 1204 1417 1289 communiter

184 1301 445 1391 crediderunt,
469 1296 650 1375 referente
668 1300 869 1378 cnudo-1.
893 1304 976 1395 cin,
999 1324 1067 1379 nec
1088 1301 1161 1379 esse
1183 1322 1231 1379 ex
1248 1300 1420 1389 traduce,

180 1399 241 1475 sed
277 1418 302 1473 a
334 1398 426 1471 Deo
470 1391 631 1487 infundi,
670 1396 761 1473 teste
792 1418 930 1495 quoque
963 1401 1112 1495 Buobeq.
1146 1398 1169 1476 1.
1202 1396 1266 1475 cit.
1327 1395 1414 1473 Nec

181 1494 308 1594 prffirrr
361 1493 439 1566 sunt
481 1511 501 1563 a
545 1490 789 1592 prnpdoxmo
835 1492 1090 1591 merentpsycirofi
1137 1492 1270 1583 alieni,
1321 1512 1411 1588 quoe

180 1594 298 1668 drab.
337 1588 473 1662 dicitur
510 1592 731 1686 ranasucntm
778 1589 876 1684 cujus
915 1589 1096 1665 oinionir
1135 1586 1328 1685 vestigium
1359 1586 1413 1669 est

183 1686 328 1784 atiquod
362 1685 400 1757 in
435 1681 511 1782 ipso
540 1686 737 1778 Ascorano,
769 1688 846 1759 Sur.
879 1686 912 1758 L
952 1688 982 1760 1:
1016 1692 1076 1778 ⁶3·
1107 1706 1147 1760 ne
1167 1682 1412 1781 substituamus

175 1781 310 1879 finiies
344 1782 460 1869 nodis,
495 1794 531 1851 et
564 1783 681 1857 iterum
709 1782 998 1879 producamusuor
1024 1780 1140 1869 inid,
1205 1782 1244 1853 od
1264 1775 1411 1873 nesciris.

183 1877 294 1983 Quod
324 1876 374 1951 de
412 1874 600 1953 animorum
630 1876 929 1974 transmigratione
968 1874 1121 1971 exponit
1186 1872 1410 1959 elnieddiuure

176 1978 251 2051 Sed
276 1971 327 2047 de
354 1971 549 2047 animarum
571 1974 656 2048 statu
683 1970 934 2071 postmortem
960 1973 998 2047 in
1022 1972 1092 2071 seq.
1119 1994 1231 2071 agam.

184 2070 260 2171 .§.
298 2069 381 2143 CV.
411 2068 471 2141 De
503 2068 713 2143 Prouidentia
746 2068 838 2159 Dei,
869 2089 949 2143 cum
985 2067 1164 2143 creatione
1196 2062 1295 2143 ordio
1322 2088 1409 2145 coni

176 2190 304 2252 πω,
335 2166 427 2239 adeo
462 2163 607 2239 sortirer
641 2168 850 2262 loquuntur,
887 2184 928 2239 ut
961 2184 1095 2238 tanturn
1119 2163 1226 2254 nbfit,
1260 2166 1407 2261 quoda

173 2260 359 2341 nonnuliis
391 2258 582 2353 adfingitur
614 2259 715 2359 ipsu,
747 2278 787 2333 ut
816 2259 935 2335 omnio
955 2258 1106 2333 fortuito
1128 2258 1198 2334 effe
1223 2262 1404 2355 putarint,

172 2384 215 2436 ut
240 2357 369 2435 mustis
392 2354 523 2429 fuerint
558 2356 637 2444 visu,
667 2358 786 2431 ,Deum
822 2354 976 2435 inuenere
1009 2375 1170 2430 autorem
1200 2357 1294 2430 moli.
1344 2356 1406 2439 De

168 2480 247 2555 quo
285 2454 378 2529 Vid.
410 2450 585 2525 Resondur
608 2454 629 2526 Ι.
654 2451 741 2542 cin,
773 2450 832 2548 qui
857 2452 900 2523 ab
933 2470 1082 2545 utroque
1113 2472 1235 2524 errore
1270 2473 1330 2527 eos
1362 2452 1407 2537 rie,

172 2558 293 2629 berar.
349 2549 418 2620 Sed
441 2568 521 2625 curn
547 2546 635 2621 haee
660 2571 716 2623 reo
740 2544 782 2622 fit
803 2546 950 2642 alicujus
974 2544 1170 2636 momenti,
1194 2546 1290 2621 etei
1317 2549 1407 2629 doce

169 2653 274 2723 trina
303 2649 501 2719 decretorum
532 2642 601 2717 Dei
633 2642 726 2718 arne
758 2644 963 2733 cohaerent,
994 2640 1040 2717 de
1066 2659 1216 2736 utroque
1240 2642 1406 2740 dogmate

172 2744 357 2841 quaedam
383 2735 577 2813 distinoiiuo
600 2743 763 2815 monebo.
814 2738 931 2813 Autor
963 2737 1114 2811 Relandi
1146 2738 1275 2811 diserte
1304 2739 1401 2817 adse·

169 2846 244 2930 rit,
271 2836 514 2912 orthodoxam
537 2835 642 2908 fidem
667 2835 758 2921 effe,
785 2834 922 2919 omnin,
947 2833 1098 2907 maximo
1115 2830 1283 2919 minimo,
1311 2837 1408 2909 bonu
1471 2894 1480 2911 ι

168 2942 283 3025 masa,
309 2936 437 3005 decrero
458 2949 495 3004 et
506 2933 724 3027 providentioe
743 2926 814 3005 Dei
829 2932 877 3001 ita
890 2924 1041 3014 subesse,
1059 2945 1098 3001 ut
1115 2928 1231 3001 omnia
1247 2951 1311 3024 per
1327 2928 1406 3025 eju·
1476 2980 1479 2987 ·

168 3038 405 3108 voluntatem
430 3024 511 3114 sont,
545 3044 582 3099 et
607 3024 777 3101 existant:
810 3024 882 3098 hoc
909 3042 1043 3097 tantum
1069 3045 1151 3098 cum
1180 3023 1410 3121 discrimine,

170 3130 271 3226 quod
306 3130 439 3199 bonurn
463 3122 630 3214 adprobet
654 3143 696 3197 ac
721 3119 914 3218 producat,
950 3120 1076 3193 mnium
1100 3141 1187 3193 vero
1210 3119 1401 3217 inprobet,

170 3248 243 3301 nec
269 3220 418 3299 efficiat.
467 3218 553 3293 Vid.
579 3217 729 3291 Chordin
753 3218 776 3292 Ι.
808 3218 872 3292 ιιι
922 3214 1118 3289 Decretum
1150 3213 1303 3291 statuunt
1334 3218 1403 3295 ho·

167 3323 313 3396 minem
344 3315 463 3389 facere
497 3313 779 3479 dependentem,
821 3334 891 3387 neo
920 3328 1036 3384 tamen
1070 3311 1145 3384 vim
1178 3312 1213 3386 ei
1246 3313 1397 3393 inferre:

168 3421 300 3506 Deus,
331 3412 454 3506 ajunt,
494 3428 570 3483 vut
602 3407 768 3506 quaedam
800 3411 835 3479 in
865 3410 975 3497 nodis,
1016 3406 1183 3502 quaedum
1215 3408 1253 3481 de
1284 3413 1400 3503 nobis,

171 3514 277 3610 prior
308 3508 364 3581 est
394 3505 595 3595 occuitum,
639 3501 697 3577 sed
729 3501 900 3600 posterius
930 3503 1146 3592 revelatum,
1187 3502 1273 3578 iilud
1316 3505 1405 3595 Deo

167 3601 465 3703 reiinquendum,
499 3600 569 3674 hoc
595 3620 614 3673 a
637 3599 741 3673 nobis
763 3599 1027 3696 perficiendum.
1074 3598 1282 3695 Repudiunt
1303 3602 1407 3695 iiior„¹

167 3704 228 3819 qui
251 3706 304 3779 de
328 3695 473 3773 homine
496 3693 633 3771 faciunt
655 3694 831 3790 stipitem,
861 3713 899 3767 er
923 3694 1112 3767 decretum.
1137 3716 1181 3802 oc
1203 3697 1404 3807 providem,

164 3826 256 3880 tram
284 3820 356 3894 pro
379 3790 478 3867 causa
502 3790 701 3863 transeunte
720 3789 854 3899 habent
871 3787 1062 3865 nostrarum
1077 3786 1277 3883 aehonum3
1299 3816 1401 3893 quop-

156 3885 1128 4078 triinfinirat&sinistri&insidii2
1144 3886 1398 4065 isnin:

153 4110 322 4189 eogere,
345 4077 616 4179 sed-disponere
641 4098 781 4159 mentes
805 4078 906 4178 salva,
920 4078 1100 4169 libertates
1124 4073 1261 4158 intereo
1275 4099 1296 4149 u
1312 4076 1407 4169 Deo,

205 4188 311 4267 Tom-
340 4177 384 4256 V·
823 4172 852 4267 Ρ.
1277 4175 1399 4281 οωῖθ
1476 4186 1536 4488 Ι
