<?xml version="1.0" encoding="UTF-8"?>
<!DOCTYPE html PUBLIC "-//W3C//DTD XHTML 1.0 Transitional//EN"
    "http://www.w3.org/TR/xhtml1/DTD/xhtml1-transitional.dtd">
<html xmlns="http://www.w3.org/1999/xhtml" xml:lang="en" lang="en">
 <head>
  <title>
</title>
<meta http-equiv="Content-Type" content="text/html;charset=utf-8" />
  <meta name='ocr-system' content='tesseract 3.04.00' />
  <meta name='ocr-capabilities' content='ocr_page ocr_carea ocr_par ocr_line ocrx_word'/>
</head>
<body>
  <div class='ocr_page' id='page_1' title='image "./hermannivenemai03venegoog_0062.png"; bbox 0 0 3104 4814; ppageno 0'>
   <div class='ocr_carea' id='block_1_1' title="bbox 581 624 1398 743">
    <p class='ocr_par' dir='ltr' id='par_1_1' title="bbox 581 624 1398 743">
     <span class='ocr_line' id='line_1_1' title="bbox 581 624 1398 743; baseline -0.002 -31"><span class='ocrx_word' id='word_1_1' title='bbox 581 624 585 629; x_wconf 33' lang='lat'>¹</span> <span class='ocrx_word' id='word_1_2' title='bbox 674 633 783 714; x_wconf 75' lang='lat' dir='ltr'>Serus.</span> <span class='ocrx_word' id='word_1_3' title='bbox 807 632 893 713; x_wconf 82' lang='lat' dir='ltr'><em>VII.</em></span> <span class='ocrx_word' id='word_1_4' title='bbox 1343 662 1398 743; x_wconf 57' lang='lat'>53</span> 
     </span>
    </p>
   </div>
   <div class='ocr_carea' id='block_1_2' title="bbox 160 808 1410 1872">
    <p class='ocr_par' dir='ltr' id='par_1_2' title="bbox 160 808 1410 1872">
     <span class='ocr_line' id='line_1_2' title="bbox 215 808 1397 911; baseline 0.007 -25"><span class='ocrx_word' id='word_1_5' title='bbox 215 811 254 911; x_wconf 66' lang='grc' dir='ltr'>ς.</span> <span class='ocrx_word' id='word_1_6' title='bbox 277 810 413 886; x_wconf 83' lang='lat' dir='ltr'>XLIV.</span> <span class='ocrx_word' id='word_1_7' title='bbox 440 808 592 908; x_wconf 77' lang='lat' dir='ltr'>Reliqua</span> <span class='ocrx_word' id='word_1_8' title='bbox 613 810 889 898; x_wconf 88' lang='lat' dir='ltr'>concilia,·hoc</span> <span class='ocrx_word' id='word_1_9' title='bbox 918 809 1036 889; x_wconf 87' lang='lat' dir='ltr'>seculo</span> <span class='ocrx_word' id='word_1_10' title='bbox 1060 814 1255 906; x_wconf 86' lang='lat' dir='ltr'>celebrata,</span> <span class='ocrx_word' id='word_1_11' title='bbox 1295 819 1397 894; x_wconf 85' lang='lat' dir='ltr'>bene·</span> 
     </span>
     <span class='ocr_line' id='line_1_3' title="bbox 166 904 1390 1022; baseline 0.002 -37"><span class='ocrx_word' id='word_1_12' title='bbox 166 916 301 998; x_wconf 89' lang='lat' dir='ltr'>multa,</span> <span class='ocrx_word' id='word_1_13' title='bbox 340 907 412 983; x_wconf 84' lang='lat' dir='ltr'>five</span> <span class='ocrx_word' id='word_1_14' title='bbox 444 904 638 981; x_wconf 79' lang='lat' dir='ltr'>rationalia</span> <span class='ocrx_word' id='word_1_15' title='bbox 659 927 697 980; x_wconf 93' lang='lat' dir='ltr'>et</span> <span class='ocrx_word' id='word_1_16' title='bbox 734 911 929 1006; x_wconf 83' lang='lat' dir='ltr'>generalia,</span> <span class='ocrx_word' id='word_1_17' title='bbox 969 929 1009 982; x_wconf 90' lang='lat' dir='ltr'>ut</span> <span class='ocrx_word' id='word_1_18' title='bbox 1047 907 1086 982; x_wconf 90' lang='lat' dir='ltr'>in</span> <span class='ocrx_word' id='word_1_19' title='bbox 1124 912 1314 1022; x_wconf 79' lang='lat' dir='ltr'>Hispania,</span> <span class='ocrx_word' id='word_1_20' title='bbox 1353 932 1390 988; x_wconf 90' lang='lat' dir='ltr'>et</span> 
     </span>
     <span class='ocr_line' id='line_1_4' title="bbox 168 1002 1395 1107; baseline 0.001 -26"><span class='ocrx_word' id='word_1_21' title='bbox 168 1006 305 1096; x_wconf 87' lang='lat' dir='ltr'>Gallia,</span> <span class='ocrx_word' id='word_1_22' title='bbox 332 1026 370 1077; x_wconf 91' lang='lat' dir='ltr'>et</span> <span class='ocrx_word' id='word_1_23' title='bbox 399 1004 545 1100; x_wconf 78' lang='lat' dir='ltr'>Angla,</span> <span class='ocrx_word' id='word_1_24' title='bbox 571 1002 643 1077; x_wconf 89' lang='lat' dir='ltr'>srve</span> <span class='ocrx_word' id='word_1_25' title='bbox 666 1005 918 1096; x_wconf 81' lang='lat' dir='ltr'>provincialia,</span> <span class='ocrx_word' id='word_1_26' title='bbox 944 1024 982 1078; x_wconf 86' lang='lat' dir='ltr'>et</span> <span class='ocrx_word' id='word_1_27' title='bbox 1007 1003 1252 1100; x_wconf 81' lang='lat' dir='ltr'>particularia,</span> <span class='ocrx_word' id='word_1_28' title='bbox 1278 1022 1395 1107; x_wconf 69' lang='lat' dir='ltr'>quae,⁹</span> 
     </span>
     <span class='ocr_line' id='line_1_5' title="bbox 167 1098 1391 1202; baseline 0.001 -25"><span class='ocrx_word' id='word_1_29' title='bbox 167 1101 294 1202; x_wconf 83' lang='lat' dir='ltr'>paucia</span> <span class='ocrx_word' id='word_1_30' title='bbox 317 1100 501 1195; x_wconf 77' lang='lat' dir='ltr'>exceptis,</span> <span class='ocrx_word' id='word_1_31' title='bbox 526 1099 565 1172; x_wconf 90' lang='lat' dir='ltr'>in</span> <span class='ocrx_word' id='word_1_32' title='bbox 591 1098 700 1172; x_wconf 82' lang='lat' dir='ltr'>caussa</span> <span class='ocrx_word' id='word_1_33' title='bbox 725 1099 997 1175; x_wconf 88' lang='lat' dir='ltr'>Monothelismi</span> <span class='ocrx_word' id='word_1_34' title='bbox 1028 1118 1099 1175; x_wconf 89' lang='lat' dir='ltr'>etc.</span> <span class='ocrx_word' id='word_1_35' title='bbox 1124 1105 1261 1180; x_wconf 87' lang='lat' dir='ltr'>versata</span> <span class='ocrx_word' id='word_1_36' title='bbox 1284 1108 1391 1199; x_wconf 73' lang='lat' dir='ltr'>sunt,¹</span> 
     </span>
     <span class='ocr_line' id='line_1_6' title="bbox 163 1195 1410 1292; baseline 0 -19"><span class='ocrx_word' id='word_1_37' title='bbox 163 1196 357 1273; x_wconf 82' lang='lat' dir='ltr'>maximam</span> <span class='ocrx_word' id='word_1_38' title='bbox 383 1214 525 1292; x_wconf 88' lang='lat' dir='ltr'>partem</span> <span class='ocrx_word' id='word_1_39' title='bbox 541 1195 634 1268; x_wconf 88' lang='lat' dir='ltr'>circa</span> <span class='ocrx_word' id='word_1_40' title='bbox 655 1196 880 1287; x_wconf 79' lang='lat' dir='ltr'>clericalem,</span> <span class='ocrx_word' id='word_1_41' title='bbox 913 1216 951 1270; x_wconf 86' lang='lat' dir='ltr'>et</span> <span class='ocrx_word' id='word_1_42' title='bbox 975 1196 1248 1290; x_wconf 83' lang='lat' dir='ltr'>Monacbalem,</span> <span class='ocrx_word' id='word_1_43' title='bbox 1284 1199 1410 1274; x_wconf 61' lang='lat' dir='ltr'>disciss.</span> 
     </span>
     <span class='ocr_line' id='line_1_7' title="bbox 162 1291 1395 1406; baseline 0.002 -38"><span class='ocrx_word' id='word_1_44' title='bbox 162 1296 315 1406; x_wconf 70' lang='lat' dir='ltr'>plionia,</span> <span class='ocrx_word' id='word_1_45' title='bbox 340 1293 573 1379; x_wconf 89' lang='lat' dir='ltr'>coelibatum,</span> <span class='ocrx_word' id='word_1_46' title='bbox 605 1291 878 1384; x_wconf 88' lang='lat' dir='ltr'>Monacbatum,</span> <span class='ocrx_word' id='word_1_47' title='bbox 912 1310 949 1366; x_wconf 92' lang='lat' dir='ltr'>et</span> <span class='ocrx_word' id='word_1_48' title='bbox 975 1294 1211 1386; x_wconf 80' lang='lat' dir='ltr'>ceremonias,</span> <span class='ocrx_word' id='word_1_49' title='bbox 1245 1313 1282 1369; x_wconf 89' lang='lat' dir='ltr'>et</span> <span class='ocrx_word' id='word_1_50' title='bbox 1314 1296 1395 1392; x_wconf 83' lang='lat' dir='ltr'>pas-²</span> 
     </span>
     <span class='ocr_line' id='line_1_8' title="bbox 160 1386 1396 1485; baseline 0.001 -22"><span class='ocrx_word' id='word_1_51' title='bbox 160 1400 227 1465; x_wconf 85' lang='lat' dir='ltr'>lun</span> <span class='ocrx_word' id='word_1_52' title='bbox 251 1411 320 1485; x_wconf 89' lang='lat' dir='ltr'>pro</span> <span class='ocrx_word' id='word_1_53' title='bbox 345 1388 535 1482; x_wconf 79' lang='lat' dir='ltr'>hypothesi</span> <span class='ocrx_word' id='word_1_54' title='bbox 558 1389 708 1475; x_wconf 81' lang='lat' dir='ltr'>habent,</span> <span class='ocrx_word' id='word_1_55' title='bbox 733 1391 840 1461; x_wconf 88' lang='lat' dir='ltr'>multa</span> <span class='ocrx_word' id='word_1_56' title='bbox 858 1391 966 1475; x_wconf 89' lang='lat' dir='ltr'>vitia,</span> <span class='ocrx_word' id='word_1_57' title='bbox 993 1407 1029 1460; x_wconf 89' lang='lat' dir='ltr'>ut</span> <span class='ocrx_word' id='word_1_58' title='bbox 1054 1386 1243 1480; x_wconf 77' lang='lat' dir='ltr'>simoniae,</span> <span class='ocrx_word' id='word_1_59' title='bbox 1278 1391 1396 1467; x_wconf 83' lang='lat' dir='ltr'>avari·-</span> 
     </span>
     <span class='ocr_line' id='line_1_9' title="bbox 162 1482 1389 1579; baseline 0.004 -23"><span class='ocrx_word' id='word_1_60' title='bbox 162 1487 263 1574; x_wconf 84' lang='lat' dir='ltr'>riae,</span> <span class='ocrx_word' id='word_1_61' title='bbox 292 1482 517 1569; x_wconf 76' lang='lat' dir='ltr'>ambitionis,</span> <span class='ocrx_word' id='word_1_62' title='bbox 558 1482 776 1557; x_wconf 80' lang='lat' dir='ltr'>scortationis</span> <span class='ocrx_word' id='word_1_63' title='bbox 804 1502 874 1559; x_wconf 89' lang='lat' dir='ltr'>etc.</span> <span class='ocrx_word' id='word_1_64' title='bbox 907 1482 1078 1579; x_wconf 83' lang='lat' dir='ltr'>irrepfiffe</span> <span class='ocrx_word' id='word_1_65' title='bbox 1101 1482 1139 1557; x_wconf 92' lang='lat' dir='ltr'>in</span> <span class='ocrx_word' id='word_1_66' title='bbox 1166 1486 1321 1560; x_wconf 87' lang='lat' dir='ltr'>Clericoa</span> <span class='ocrx_word' id='word_1_67' title='bbox 1353 1506 1389 1561; x_wconf 89' lang='lat' dir='ltr'>et</span> 
     </span>
     <span class='ocr_line' id='line_1_10' title="bbox 162 1574 1390 1677; baseline 0.001 -21"><span class='ocrx_word' id='word_1_68' title='bbox 162 1580 395 1667; x_wconf 77' lang='lat' dir='ltr'>Monachus,</span> <span class='ocrx_word' id='word_1_69' title='bbox 429 1600 511 1650; x_wconf 88' lang='lat' dir='ltr'>cum</span> <span class='ocrx_word' id='word_1_70' title='bbox 542 1579 723 1651; x_wconf 91' lang='lat' dir='ltr'>recensere</span> <span class='ocrx_word' id='word_1_71' title='bbox 753 1578 859 1653; x_wconf 82' lang='lat' dir='ltr'>nimia</span> <span class='ocrx_word' id='word_1_72' title='bbox 884 1581 1027 1677; x_wconf 83' lang='lat' dir='ltr'>longum</span> <span class='ocrx_word' id='word_1_73' title='bbox 1059 1574 1121 1667; x_wconf 88' lang='lat' dir='ltr'>srt,</span> <span class='ocrx_word' id='word_1_74' title='bbox 1164 1598 1200 1655; x_wconf 92' lang='lat' dir='ltr'>et</span> <span class='ocrx_word' id='word_1_75' title='bbox 1224 1605 1243 1653; x_wconf 91' lang='lat' dir='ltr'>a</span> <span class='ocrx_word' id='word_1_76' title='bbox 1269 1579 1390 1657; x_wconf 86' lang='lat' dir='ltr'>nostro</span> 
     </span>
     <span class='ocr_line' id='line_1_11' title="bbox 164 1673 1391 1771; baseline 0.002 -20"><span class='ocrx_word' id='word_1_77' title='bbox 164 1674 333 1752; x_wconf 78' lang='lat' dir='ltr'>instituto</span> <span class='ocrx_word' id='word_1_78' title='bbox 358 1676 532 1762; x_wconf 88' lang='lat' dir='ltr'>alienum,</span> <span class='ocrx_word' id='word_1_79' title='bbox 572 1674 701 1770; x_wconf 90' lang='lat' dir='ltr'>pedem</span> <span class='ocrx_word' id='word_1_80' title='bbox 733 1698 930 1771; x_wconf 88' lang='lat' dir='ltr'>promoveo</span> <span class='ocrx_word' id='word_1_81' title='bbox 962 1673 1004 1750; x_wconf 93' lang='lat' dir='ltr'>ad</span> <span class='ocrx_word' id='word_1_82' title='bbox 1028 1693 1182 1771; x_wconf 85' lang='lat' dir='ltr'>quartam</span> <span class='ocrx_word' id='word_1_83' title='bbox 1213 1676 1391 1755; x_wconf 83' lang='lat' dir='ltr'>Ecclefiae</span> 
     </span>
     <span class='ocr_line' id='line_1_12' title="bbox 163 1768 1076 1872; baseline -0.008 -26"><span class='ocrx_word' id='word_1_84' title='bbox 163 1790 308 1872; x_wconf 65' lang='lat' dir='ltr'>putem</span> <span class='ocrx_word' id='word_1_85' title='bbox 331 1768 570 1860; x_wconf 79' lang='lat' dir='ltr'>essentialem,</span> <span class='ocrx_word' id='word_1_86' title='bbox 596 1771 656 1844; x_wconf 91' lang='lat' dir='ltr'>seu</span> <span class='ocrx_word' id='word_1_87' title='bbox 678 1768 721 1842; x_wconf 89' lang='lat' dir='ltr'>ad</span> <span class='ocrx_word' id='word_1_88' title='bbox 1074 1783 1076 1788; x_wconf 89' lang='grc'>·</span> 
     </span>
    </p>
   </div>
   <div class='ocr_carea' id='block_1_3' title="bbox 541 1959 1022 2053">
    <p class='ocr_par' dir='ltr' id='par_1_3' title="bbox 541 1959 1022 2053">
     <span class='ocr_line' id='line_1_13' title="bbox 541 1959 1022 2053; baseline 0.002 -16"><span class='ocrx_word' id='word_1_89' title='bbox 541 1959 716 2037; x_wconf 85' lang='lat' dir='ltr'>VITAM</span> <span class='ocrx_word' id='word_1_90' title='bbox 738 1960 806 2035; x_wconf 93' lang='lat' dir='ltr'>ET</span> <span class='ocrx_word' id='word_1_91' title='bbox 829 1960 1022 2053; x_wconf 87' lang='lat' dir='ltr'>MORES,</span> 
     </span>
    </p>
   </div>
   <div class='ocr_carea' id='block_1_4' title="bbox 143 2148 1475 4271">
    <p class='ocr_par' dir='ltr' id='par_1_4' title="bbox 143 2148 1475 4271">
     <span class='ocr_line' id='line_1_14' title="bbox 155 2148 1390 2253; baseline -0.005 -16"><span class='ocrx_word' id='word_1_92' title='bbox 155 2158 313 2237; x_wconf 88' lang='lat' dir='ltr'>initioa</span> <span class='ocrx_word' id='word_1_93' title='bbox 334 2155 410 2230; x_wconf 90' lang='lat' dir='ltr'>vita</span> <span class='ocrx_word' id='word_1_94' title='bbox 426 2148 639 2239; x_wconf 87' lang='lat' dir='ltr'>monastica,</span> <span class='ocrx_word' id='word_1_95' title='bbox 666 2174 732 2248; x_wconf 89' lang='lat' dir='ltr'>pro</span> <span class='ocrx_word' id='word_1_96' title='bbox 748 2175 868 2243; x_wconf 90' lang='lat' dir='ltr'>more,</span> <span class='ocrx_word' id='word_1_97' title='bbox 895 2155 1032 2247; x_wconf 91' lang='lat' dir='ltr'>sumto,</span> <span class='ocrx_word' id='word_1_98' title='bbox 1063 2177 1152 2253; x_wconf 87' lang='lat' dir='ltr'>quae</span> <span class='ocrx_word' id='word_1_99' title='bbox 1166 2152 1294 2251; x_wconf 84' lang='lat' dir='ltr'>ingena</span> <span class='ocrx_word' id='word_1_100' title='bbox 1317 2153 1390 2231; x_wconf 88' lang='lat' dir='ltr'>hue</span> 
     </span>
     <span class='ocr_line' id='line_1_15' title="bbox 157 2248 1391 2347; baseline -0.001 -19"><span class='ocrx_word' id='word_1_101' title='bbox 157 2257 288 2335; x_wconf 84' lang='lat' dir='ltr'>seculo</span> <span class='ocrx_word' id='word_1_102' title='bbox 311 2249 412 2347; x_wconf 89' lang='lat' dir='ltr'>cepit</span> <span class='ocrx_word' id='word_1_103' title='bbox 441 2248 715 2341; x_wconf 88' lang='lat' dir='ltr'>incrementum,</span> <span class='ocrx_word' id='word_1_104' title='bbox 749 2272 829 2324; x_wconf 92' lang='lat' dir='ltr'>cum</span> <span class='ocrx_word' id='word_1_105' title='bbox 851 2254 944 2346; x_wconf 91' lang='lat' dir='ltr'>quod</span> <span class='ocrx_word' id='word_1_106' title='bbox 976 2252 1081 2326; x_wconf 91' lang='lat' dir='ltr'>multa</span> <span class='ocrx_word' id='word_1_107' title='bbox 1104 2248 1237 2323; x_wconf 88' lang='lat' dir='ltr'>suerint</span> <span class='ocrx_word' id='word_1_108' title='bbox 1258 2251 1293 2344; x_wconf 81' lang='lat' dir='ltr'>in</span> <span class='ocrx_word' id='word_1_109' title='bbox 1315 2253 1391 2327; x_wconf 81' lang='lat' dir='ltr'>&#39;Oc-</span> 
     </span>
     <span class='ocr_line' id='line_1_16' title="bbox 154 2344 1391 2441; baseline -0.006 -13"><span class='ocrx_word' id='word_1_110' title='bbox 154 2352 315 2428; x_wconf 86' lang='lat' dir='ltr'>cidente</span> <span class='ocrx_word' id='word_1_111' title='bbox 332 2345 448 2420; x_wconf 70' lang='lat' dir='ltr'>erebia</span> <span class='ocrx_word' id='word_1_112' title='bbox 464 2344 689 2435; x_wconf 84' lang='lat' dir='ltr'>monasteria,</span> <span class='ocrx_word' id='word_1_113' title='bbox 719 2363 792 2418; x_wconf 92' lang='lat' dir='ltr'>tum</span> <span class='ocrx_word' id='word_1_114' title='bbox 813 2347 972 2441; x_wconf 85' lang='lat' dir='ltr'>Regum,</span> <span class='ocrx_word' id='word_1_115' title='bbox 1000 2348 1238 2439; x_wconf 88' lang='lat' dir='ltr'>aliorumque,</span> <span class='ocrx_word' id='word_1_116' title='bbox 1264 2348 1391 2421; x_wconf 86' lang='lat' dir='ltr'>libera·</span> 
     </span>
     <span class='ocr_line' id='line_1_17' title="bbox 160 2438 1393 2538; baseline -0.006 -17"><span class='ocrx_word' id='word_1_117' title='bbox 160 2449 275 2528; x_wconf 83' lang='lat' dir='ltr'>litate</span> <span class='ocrx_word' id='word_1_118' title='bbox 306 2441 489 2538; x_wconf 79' lang='lat' dir='ltr'>insigniter</span> <span class='ocrx_word' id='word_1_119' title='bbox 519 2441 647 2514; x_wconf 87' lang='lat' dir='ltr'>donata</span> <span class='ocrx_word' id='word_1_120' title='bbox 684 2459 721 2513; x_wconf 91' lang='lat' dir='ltr'>et</span> <span class='ocrx_word' id='word_1_121' title='bbox 752 2440 881 2530; x_wconf 83' lang='lat' dir='ltr'>ditata,</span> <span class='ocrx_word' id='word_1_122' title='bbox 923 2461 996 2516; x_wconf 90' lang='lat' dir='ltr'>rum</span> <span class='ocrx_word' id='word_1_123' title='bbox 1037 2438 1252 2516; x_wconf 85' lang='lat' dir='ltr'>incredibilia</span> <span class='ocrx_word' id='word_1_124' title='bbox 1284 2440 1393 2515; x_wconf 85' lang='lat' dir='ltr'>suerit</span> 
     </span>
     <span class='ocr_line' id='line_1_18' title="bbox 160 2532 1394 2636; baseline -0.003 -19"><span class='ocrx_word' id='word_1_125' title='bbox 160 2540 283 2623; x_wconf 84' lang='lat' dir='ltr'>omnia</span> <span class='ocrx_word' id='word_1_126' title='bbox 309 2539 451 2636; x_wconf 79' lang='lat' dir='ltr'>generis</span> <span class='ocrx_word' id='word_1_127' title='bbox 474 2537 652 2610; x_wconf 86' lang='lat' dir='ltr'>hominum</span> <span class='ocrx_word' id='word_1_128' title='bbox 677 2535 719 2610; x_wconf 91' lang='lat' dir='ltr'>ad</span> <span class='ocrx_word' id='word_1_129' title='bbox 748 2560 789 2609; x_wconf 91' lang='lat' dir='ltr'>ea</span> <span class='ocrx_word' id='word_1_130' title='bbox 806 2536 1007 2630; x_wconf 83' lang='lat' dir='ltr'>confluxus,</span> <span class='ocrx_word' id='word_1_131' title='bbox 1032 2560 1104 2612; x_wconf 88' lang='lat' dir='ltr'>tum</span> <span class='ocrx_word' id='word_1_132' title='bbox 1130 2532 1279 2631; x_wconf 86' lang='lat' dir='ltr'>denique</span> <span class='ocrx_word' id='word_1_133' title='bbox 1297 2534 1394 2634; x_wconf 81' lang='lat' dir='ltr'>quod</span> 
     </span>
     <span class='ocr_line' id='line_1_19' title="bbox 156 2630 1392 2732; baseline -0.005 -19"><span class='ocrx_word' id='word_1_134' title='bbox 156 2637 341 2720; x_wconf 82' lang='lat' dir='ltr'>nonnulla</span> <span class='ocrx_word' id='word_1_135' title='bbox 372 2632 505 2706; x_wconf 86' lang='lat' dir='ltr'>suerint</span> <span class='ocrx_word' id='word_1_136' title='bbox 538 2630 575 2704; x_wconf 88' lang='lat' dir='ltr'>in</span> <span class='ocrx_word' id='word_1_137' title='bbox 605 2631 736 2705; x_wconf 82' lang='lat' dir='ltr'>scholas</span> <span class='ocrx_word' id='word_1_138' title='bbox 766 2651 803 2704; x_wconf 88' lang='lat' dir='ltr'>et</span> <span class='ocrx_word' id='word_1_139' title='bbox 835 2633 1009 2728; x_wconf 79' lang='lat' dir='ltr'>gymnasia</span> <span class='ocrx_word' id='word_1_140' title='bbox 1038 2633 1164 2708; x_wconf 72' lang='lat' dir='ltr'>erebia.</span> <span class='ocrx_word' id='word_1_141' title='bbox 1216 2632 1313 2732; x_wconf 82' lang='lat' dir='ltr'>Quae</span> <span class='ocrx_word' id='word_1_142' title='bbox 1339 2635 1392 2707; x_wconf 88' lang='lat' dir='ltr'>se·</span> 
     </span>
     <span class='ocr_line' id='line_1_20' title="bbox 155 2728 1391 2823; baseline -0.004 -16"><span class='ocrx_word' id='word_1_143' title='bbox 155 2728 327 2815; x_wconf 78' lang='lat' dir='ltr'>cundum</span> <span class='ocrx_word' id='word_1_144' title='bbox 353 2730 478 2821; x_wconf 77' lang='lat' dir='ltr'>seriem</span> <span class='ocrx_word' id='word_1_145' title='bbox 504 2748 719 2823; x_wconf 89' lang='lat' dir='ltr'>temporum,</span> <span class='ocrx_word' id='word_1_146' title='bbox 743 2751 811 2822; x_wconf 91' lang='lat' dir='ltr'>pro</span> <span class='ocrx_word' id='word_1_147' title='bbox 835 2750 872 2801; x_wconf 89' lang='lat' dir='ltr'>ut</span> <span class='ocrx_word' id='word_1_148' title='bbox 895 2731 1109 2817; x_wconf 86' lang='lat' dir='ltr'>inciderint,</span> <span class='ocrx_word' id='word_1_149' title='bbox 1134 2728 1331 2802; x_wconf 86' lang='lat' dir='ltr'>summatim</span> <span class='ocrx_word' id='word_1_150' title='bbox 1350 2746 1391 2802; x_wconf 86' lang='lat' dir='ltr'>ct</span> 
     </span>
     <span class='ocr_line' id='line_1_21' title="bbox 156 2828 1219 2911; baseline -0.01 -8"><span class='ocrx_word' id='word_1_151' title='bbox 156 2828 319 2911; x_wconf 72' lang='lat' dir='ltr'>striffim</span> <span class='ocrx_word' id='word_1_152' title='bbox 344 2829 520 2898; x_wconf 87' lang='lat' dir='ltr'>enarrabo.</span> <span class='ocrx_word' id='word_1_153' title='bbox 1216 2872 1219 2879; x_wconf 82' lang='lat'>·</span> 
     </span>
     <span class='ocr_line' id='line_1_22' title="bbox 217 2917 1389 3027; baseline -0.004 -31"><span class='ocrx_word' id='word_1_154' title='bbox 217 2924 257 3021; x_wconf 59' lang='grc' dir='ltr'>ς.</span> <span class='ocrx_word' id='word_1_155' title='bbox 278 2923 393 2995; x_wconf 78' lang='lat' dir='ltr'><strong>XLV.</strong></span> <span class='ocrx_word' id='word_1_156' title='bbox 428 2918 673 2994; x_wconf 87' lang='lat' dir='ltr'>Cantuariensrs</span> <span class='ocrx_word' id='word_1_157' title='bbox 699 2917 872 3006; x_wconf 83' lang='lat' dir='ltr'>Ecclesia,</span> <span class='ocrx_word' id='word_1_158' title='bbox 899 2917 1006 2993; x_wconf 82' lang='lat' dir='ltr'>totius</span> <span class='ocrx_word' id='word_1_159' title='bbox 1032 2918 1182 3015; x_wconf 86' lang='lat' dir='ltr'>Angliae</span> <span class='ocrx_word' id='word_1_160' title='bbox 1209 2934 1389 3027; x_wconf 85' lang='lat' dir='ltr'>metropo-</span> 
     </span>
     <span class='ocr_line' id='line_1_23' title="bbox 165 3014 1391 3111; baseline -0.005 -17"><span class='ocrx_word' id='word_1_161' title='bbox 165 3019 239 3109; x_wconf 80' lang='lat' dir='ltr'>lis,</span> <span class='ocrx_word' id='word_1_162' title='bbox 267 3040 298 3092; x_wconf 89' lang='lat' dir='ltr'>a.</span> <span class='ocrx_word' id='word_1_163' title='bbox 322 3024 401 3091; x_wconf 82' lang='lat'>602.</span> <span class='ocrx_word' id='word_1_164' title='bbox 427 3022 470 3089; x_wconf 91' lang='lat' dir='ltr'>ab</span> <span class='ocrx_word' id='word_1_165' title='bbox 488 3016 683 3111; x_wconf 82' lang='lat' dir='ltr'>Augustino</span> <span class='ocrx_word' id='word_1_166' title='bbox 701 3016 873 3088; x_wconf 87' lang='lat' dir='ltr'>monacho</span> <span class='ocrx_word' id='word_1_167' title='bbox 892 3016 1061 3091; x_wconf 64' lang='lat' dir='ltr'>exstructa</span> <span class='ocrx_word' id='word_1_168' title='bbox 1087 3015 1157 3108; x_wconf 89' lang='lat' dir='ltr'>est,</span> <span class='ocrx_word' id='word_1_169' title='bbox 1182 3037 1218 3089; x_wconf 90' lang='lat' dir='ltr'>et</span> <span class='ocrx_word' id='word_1_170' title='bbox 1237 3014 1391 3109; x_wconf 79' lang='lat' dir='ltr'>spectem</span> 
     </span>
     <span class='ocr_line' id='line_1_24' title="bbox 193 3111 1392 3202; baseline -0.006 -13"><span class='ocrx_word' id='word_1_171' title='bbox 193 3114 337 3189; x_wconf 88' lang='lat' dir='ltr'>raetulit</span> <span class='ocrx_word' id='word_1_172' title='bbox 353 3111 572 3199; x_wconf 87' lang='lat' dir='ltr'>monasterii,</span> <span class='ocrx_word' id='word_1_173' title='bbox 592 3112 753 3184; x_wconf 84' lang='lat' dir='ltr'>omnibus</span> <span class='ocrx_word' id='word_1_174' title='bbox 768 3111 932 3186; x_wconf 84' lang='lat' dir='ltr'>ministris</span> <span class='ocrx_word' id='word_1_175' title='bbox 950 3112 1160 3202; x_wconf 88' lang='lat' dir='ltr'>Monachis,</span> <span class='ocrx_word' id='word_1_176' title='bbox 1185 3112 1244 3186; x_wconf 87' lang='lat' dir='ltr'>sed</span> <span class='ocrx_word' id='word_1_177' title='bbox 1264 3112 1333 3196; x_wconf 92' lang='lat' dir='ltr'>ita,</span> <span class='ocrx_word' id='word_1_178' title='bbox 1352 3127 1392 3182; x_wconf 87' lang='lat' dir='ltr'>ut</span> 
     </span>
     <span class='ocr_line' id='line_1_25' title="bbox 159 3142 1392 3307; baseline -0.009 -21"><span class='ocrx_word' id='word_1_179' title='bbox 159 3142 388 3307; x_wconf 52' lang='lat' dir='ltr'>Episcopus,</span> <span class='ocrx_word' id='word_1_180' title='bbox 413 3232 493 3281; x_wconf 91' lang='lat' dir='ltr'>cum</span> <span class='ocrx_word' id='word_1_181' title='bbox 520 3209 664 3281; x_wconf 81' lang='lat' dir='ltr'>Clericia</span> <span class='ocrx_word' id='word_1_182' title='bbox 686 3208 897 3298; x_wconf 85' lang='lat' dir='ltr'>Monachia,</span> <span class='ocrx_word' id='word_1_183' title='bbox 932 3209 1067 3281; x_wconf 77' lang='lat' dir='ltr'>seorsim</span> <span class='ocrx_word' id='word_1_184' title='bbox 1091 3208 1252 3283; x_wconf 85' lang='lat' dir='ltr'>habuerit</span> <span class='ocrx_word' id='word_1_185' title='bbox 1276 3206 1392 3278; x_wconf 80' lang='lat' dir='ltr'>diver·</span> 
     </span>
     <span class='ocr_line' id='line_1_26' title="bbox 166 3300 1393 3402; baseline -0.008 -20"><span class='ocrx_word' id='word_1_186' title='bbox 166 3308 305 3382; x_wconf 83' lang='lat' dir='ltr'>surium</span> <span class='ocrx_word' id='word_1_187' title='bbox 336 3328 355 3376; x_wconf 88' lang='lat' dir='ltr'>a</span> <span class='ocrx_word' id='word_1_188' title='bbox 381 3327 492 3402; x_wconf 78' lang='lat' dir='ltr'>grege</span> <span class='ocrx_word' id='word_1_189' title='bbox 516 3304 795 3394; x_wconf 88' lang='lat' dir='ltr'>Monachorum‚</span> <span class='ocrx_word' id='word_1_190' title='bbox 828 3304 886 3401; x_wconf 88' lang='lat' dir='ltr'>qui</span> <span class='ocrx_word' id='word_1_191' title='bbox 910 3304 969 3377; x_wconf 90' lang='lat' dir='ltr'>sub</span> <span class='ocrx_word' id='word_1_192' title='bbox 999 3304 1120 3377; x_wconf 86' lang='lat' dir='ltr'>iisdem</span> <span class='ocrx_word' id='word_1_193' title='bbox 1155 3304 1253 3377; x_wconf 70' lang='lat' dir='ltr'>teclis</span> <span class='ocrx_word' id='word_1_194' title='bbox 1276 3300 1393 3374; x_wconf 89' lang='lat' dir='ltr'>officia</span> 
     </span>
     <span class='ocr_line' id='line_1_27' title="bbox 167 3398 1391 3499; baseline -0.008 -22"><span class='ocrx_word' id='word_1_195' title='bbox 167 3404 386 3478; x_wconf 82' lang='lat' dir='ltr'>exercebant</span> <span class='ocrx_word' id='word_1_196' title='bbox 424 3402 483 3472; x_wconf 92' lang='lat' dir='ltr'>sub</span> <span class='ocrx_word' id='word_1_197' title='bbox 509 3401 658 3473; x_wconf 85' lang='lat' dir='ltr'>Abbate.</span> <span class='ocrx_word' id='word_1_198' title='bbox 707 3401 788 3499; x_wconf 78' lang='lat' dir='ltr'>Quo</span> <span class='ocrx_word' id='word_1_199' title='bbox 822 3399 856 3474; x_wconf 89' lang='lat' dir='ltr'>in</span> <span class='ocrx_word' id='word_1_200' title='bbox 880 3398 967 3472; x_wconf 88' lang='lat' dir='ltr'>statu</span> <span class='ocrx_word' id='word_1_201' title='bbox 993 3400 1082 3474; x_wconf 88' lang='lat' dir='ltr'>haec</span> <span class='ocrx_word' id='word_1_202' title='bbox 1116 3399 1269 3473; x_wconf 79' lang='lat' dir='ltr'>Ecclesia</span> <span class='ocrx_word' id='word_1_203' title='bbox 1294 3419 1391 3471; x_wconf 90' lang='lat' dir='ltr'>man·</span> 
     </span>
     <span class='ocr_line' id='line_1_28' title="bbox 143 3490 1394 3591; baseline -0.006 -18"><span class='ocrx_word' id='word_1_204' title='bbox 143 3499 222 3573; x_wconf 80' lang='lat' dir='ltr'>&#39;fit</span> <span class='ocrx_word' id='word_1_205' title='bbox 243 3497 283 3570; x_wconf 86' lang='lat' dir='ltr'>ad</span> <span class='ocrx_word' id='word_1_206' title='bbox 310 3494 618 3570; x_wconf 85' lang='lat' dir='ltr'>Reformationem</span> <span class='ocrx_word' id='word_1_207' title='bbox 656 3496 720 3570; x_wconf 91' lang='lat' dir='ltr'>sec.</span> <span class='ocrx_word' id='word_1_208' title='bbox 747 3496 851 3570; x_wconf 89' lang='lat' dir='ltr'>XVl.</span> <span class='ocrx_word' id='word_1_209' title='bbox 886 3496 1013 3591; x_wconf 81' lang='lat' dir='ltr'>usque:</span> <span class='ocrx_word' id='word_1_210' title='bbox 1055 3494 1107 3568; x_wconf 89' lang='lat' dir='ltr'>uti</span> <span class='ocrx_word' id='word_1_211' title='bbox 1143 3490 1394 3569; x_wconf 83' lang='lat' dir='ltr'>demonstravit</span> 
     </span>
     <span class='ocr_line' id='line_1_29' title="bbox 168 3589 1395 3686; baseline -0.01 -16"><span class='ocrx_word' id='word_1_212' title='bbox 168 3591 356 3670; x_wconf 89' lang='lat' dir='ltr'>Mabillun.</span> <span class='ocrx_word' id='word_1_213' title='bbox 388 3592 435 3664; x_wconf 87' lang='lat' dir='ltr'>in·</span> <span class='ocrx_word' id='word_1_214' title='bbox 460 3592 584 3663; x_wconf 83' lang='lat' dir='ltr'>Annal.</span> <span class='ocrx_word' id='word_1_215' title='bbox 613 3591 828 3665; x_wconf 73' lang='lat' dir='ltr'>Benediiiin.</span> <span class='ocrx_word' id='word_1_216' title='bbox 877 3591 933 3663; x_wconf 89' lang='lat' dir='ltr'>Ad</span> <span class='ocrx_word' id='word_1_217' title='bbox 967 3590 1058 3685; x_wconf 90' lang='lat' dir='ltr'>quod</span> <span class='ocrx_word' id='word_1_218' title='bbox 1093 3590 1292 3686; x_wconf 86' lang='lat' dir='ltr'>exemplum</span> <span class='ocrx_word' id='word_1_219' title='bbox 1320 3589 1395 3683; x_wconf 71' lang='lat' dir='ltr'>pler·</span> 
     </span>
     <span class='ocr_line' id='line_1_30' title="bbox 167 3684 1395 3785; baseline -0.007 -19"><span class='ocrx_word' id='word_1_220' title='bbox 167 3714 300 3785; x_wconf 86' lang='lat' dir='ltr'>raeque</span> <span class='ocrx_word' id='word_1_221' title='bbox 323 3689 361 3760; x_wconf 86' lang='lat' dir='ltr'>in</span> <span class='ocrx_word' id='word_1_222' title='bbox 388 3686 526 3781; x_wconf 78' lang='lat' dir='ltr'>Augila·</span> <span class='ocrx_word' id='word_1_223' title='bbox 544 3686 720 3759; x_wconf 80' lang='lat' dir='ltr'>Ecclesiae</span> <span class='ocrx_word' id='word_1_224' title='bbox 750 3685 916 3782; x_wconf 82' lang='lat' dir='ltr'>possessae</span> <span class='ocrx_word' id='word_1_225' title='bbox 941 3685 1018 3761; x_wconf 88' lang='lat' dir='ltr'>sunt</span> <span class='ocrx_word' id='word_1_226' title='bbox 1051 3705 1089 3760; x_wconf 88' lang='lat' dir='ltr'>et</span> <span class='ocrx_word' id='word_1_227' title='bbox 1119 3686 1236 3760; x_wconf 73' lang='lat' dir='ltr'>reciae</span> <span class='ocrx_word' id='word_1_228' title='bbox 1263 3684 1395 3757; x_wconf 73' lang='lat' dir='ltr'>a=M0÷</span> 
     </span>
     <span class='ocr_line' id='line_1_31' title="bbox 169 3779 1392 3880; baseline -0.007 -19"><span class='ocrx_word' id='word_1_229' title='bbox 169 3785 305 3861; x_wconf 82' lang='lat' dir='ltr'>nachia.</span> <span class='ocrx_word' id='word_1_230' title='bbox 351 3785 542 3856; x_wconf 86' lang='lat' dir='ltr'>Conditum</span> <span class='ocrx_word' id='word_1_231' title='bbox 573 3805 713 3880; x_wconf 89' lang='lat' dir='ltr'>quoque</span> <span class='ocrx_word' id='word_1_232' title='bbox 738 3779 807 3870; x_wconf 90' lang='lat' dir='ltr'>est,</span> <span class='ocrx_word' id='word_1_233' title='bbox 850 3782 941 3855; x_wconf 89' lang='lat' dir='ltr'>haud</span> <span class='ocrx_word' id='word_1_234' title='bbox 972 3781 1096 3879; x_wconf 89' lang='lat' dir='ltr'>procul</span> <span class='ocrx_word' id='word_1_235' title='bbox 1126 3780 1392 3877; x_wconf 82' lang='lat' dir='ltr'>aMetropoli,</span> 
     </span>
     <span class='ocr_line' id='line_1_32' title="bbox 170 3870 1393 3970; baseline -0.012 -11"><span class='ocrx_word' id='word_1_236' title='bbox 170 3887 206 3959; x_wconf 88' lang='lat' dir='ltr'>S.</span> <span class='ocrx_word' id='word_1_237' title='bbox 232 3877 618 3966; x_wconf 80' lang='lat' dir='ltr'>Petrimonasterium,</span> <span class='ocrx_word' id='word_1_238' title='bbox 643 3903 688 3952; x_wconf 90' lang='lat' dir='ltr'>eo</span> <span class='ocrx_word' id='word_1_239' title='bbox 704 3878 811 3954; x_wconf 87' lang='lat' dir='ltr'>etiam</span> <span class='ocrx_word' id='word_1_240' title='bbox 827 3878 971 3951; x_wconf 90' lang='lat' dir='ltr'>nomine</span> <span class='ocrx_word' id='word_1_241' title='bbox 988 3876 1272 3964; x_wconf 86' lang='lat' dir='ltr'>celeberrimum,</span> <span class='ocrx_word' id='word_1_242' title='bbox 1296 3870 1393 3970; x_wconf 88' lang='lat' dir='ltr'>quod</span> 
     </span>
     <span class='ocr_line' id='line_1_33' title="bbox 168 3970 1453 4074; baseline -0.012 -17"><span class='ocrx_word' id='word_1_243' title='bbox 168 3974 381 4074; x_wconf 82' lang='lat' dir='ltr'>Augustini,</span> <span class='ocrx_word' id='word_1_244' title='bbox 423 3994 462 4048; x_wconf 88' lang='lat' dir='ltr'>et</span> <span class='ocrx_word' id='word_1_245' title='bbox 491 3973 696 4071; x_wconf 90' lang='lat' dir='ltr'>reliquorum</span> <span class='ocrx_word' id='word_1_246' title='bbox 722 3974 976 4071; x_wconf 85' lang='lat' dir='ltr'>Episcoporum</span> <span class='ocrx_word' id='word_1_247' title='bbox 1011 3970 1305 4048; x_wconf 84' lang='lat' dir='ltr'>Cantuatieusrum</span> <span class='ocrx_word' id='word_1_248' title='bbox 1329 3985 1396 4060; x_wconf 83' lang='lat' dir='ltr'>pet</span> <span class='ocrx_word' id='word_1_249' title='bbox 1440 4050 1453 4063; x_wconf 51' lang='grc'><strong><em>,</em></strong></span> 
     </span>
     <span class='ocr_line' id='line_1_34' title="bbox 169 4064 1452 4244; baseline -0.007 -92"><span class='ocrx_word' id='word_1_250' title='bbox 169 4077 318 4177; x_wconf 79' lang='lat' dir='ltr'>longum</span> <span class='ocrx_word' id='word_1_251' title='bbox 335 4094 497 4172; x_wconf 77' lang='lat' dir='ltr'>tempus,</span> <span class='ocrx_word' id='word_1_252' title='bbox 519 4090 559 4148; x_wconf 87' lang='lat' dir='ltr'>et</span> <span class='ocrx_word' id='word_1_253' title='bbox 582 4069 722 4169; x_wconf 82' lang='lat' dir='ltr'>Regum</span> <span class='ocrx_word' id='word_1_254' title='bbox 739 4071 878 4244; x_wconf 65' lang='lat' dir='ltr'>georii,</span> <span class='ocrx_word' id='word_1_255' title='bbox 907 4092 1060 4173; x_wconf 84' lang='lat' dir='ltr'>corpora</span> <span class='ocrx_word' id='word_1_256' title='bbox 1077 4069 1127 4147; x_wconf 89' lang='lat' dir='ltr'>ibi</span> <span class='ocrx_word' id='word_1_257' title='bbox 1149 4064 1282 4157; x_wconf 79' lang='lat' dir='ltr'>luerim</span> <span class='ocrx_word' id='word_1_258' title='bbox 1304 4084 1394 4237; x_wconf 61' lang='lat' dir='ltr'>qiam</span> <span class='ocrx_word' id='word_1_259' title='bbox 1444 4114 1452 4131; x_wconf 52' lang='grc' dir='ltr'><em>ι</em></span> 
     </span>
     <span class='ocr_line' id='line_1_35' title="bbox 645 4178 1475 4271; baseline -0.006 0"><span class='ocrx_word' id='word_1_260' title='bbox 645 4250 655 4271; x_wconf 52' lang='lat'><em>0</em></span> <span class='ocrx_word' id='word_1_261' title='bbox 799 4190 820 4269; x_wconf 83' lang='grc'><strong><em>3</em></strong></span> <span class='ocrx_word' id='word_1_262' title='bbox 1340 4178 1397 4257; x_wconf 63' lang='lat'>‘²2</span> <span class='ocrx_word' id='word_1_263' title='bbox 1470 4204 1475 4247; x_wconf 67' lang='lat'>1</span> 
     </span>
    </p>
   </div>
   <div class='ocr_carea' id='block_1_5' title="bbox 0 0 1576 4814">
    <p class='ocr_par' dir='ltr' id='par_1_5' title="bbox 0 0 1576 4814">
     <span class='ocr_line' id='line_1_36' title="bbox 0 0 1576 4814; baseline 0 0"><span class='ocrx_word' id='word_1_264' title='bbox 0 0 1576 4814; x_wconf 95' lang='lat' dir='ltr'> </span> 
     </span>
    </p>
   </div>
  </div>
 </body>
</html>
