3104 4814
681 645 789 729 strat.
812 647 900 730 Vll.
1342 752 1348 771 ι
1370 672 1402 779 0

219 822 255 925 ς.
277 823 346 902 nt
380 823 528 900 intimus
551 823 628 922 ejur
650 823 785 917 sociat,
817 824 915 900 timul
929 840 1165 924 praeceptor,
1229 816 1395 936 rerhyter

167 918 1010 1094 mr,
1034 849 1231 1096 Μ

161 1115 361 1216 spirituale,
393 1069 598 1210 sophronia
624 1073 884 1211 nuncussatum,
923 1114 1022 1211 cujur
1047 1049 1190 1190 nom
1200 1042 1392 1220 attium&

170 1209 274 1287 etiam
298 1208 478 1306 praefert,
500 1206 540 1282 in
562 1228 782 1284 monument
806 1208 870 1284 Gr.
894 1208 1066 1284 cotelerii
1086 1218 1179 1288 tom.
1204 1215 1252 1290 11.
1278 1218 1386 1295 obvi.

169 1329 237 1383 um.
283 1301 540 1401 Complellitur
561 1303 650 1378 liber
673 1305 795 1395 vitat,¹
817 1301 933 1396 dieta,
957 1324 996 1380 et
1019 1304 1183 1383 miracula
1209 1310 1389 1393 variorum

166 1401 451 1489 Monachorum,
475 1398 597 1495 plenae
619 1395 672 1474 est
693 1399 887 1495 visionum,
944 1397 1222 1497 raedittionum,
1246 1424 1286 1483 et
1314 1408 1385 1489 mi.

164 1495 381 1587 toculorum,
405 1517 493 1593 quae
514 1491 702 1571 maximam
724 1513 859 1595 partem
883 1423 1030 1572 riiicula
1055 1495 1134 1571 lunt
1160 1517 1198 1573 et
1220 1501 1380 1585 absurda.

163 1591 314 1669 Praestat
336 1593 457 1690 itaque
482 1591 582 1665 nobit
603 1613 728 1688 parum
751 1589 929 1683 utilitatis,
963 1590 1028 1666 nist
1053 1591 1147 1687 quod
1170 1593 1378 1691 superstitio

166 1689 270 1763 seculi
296 1688 381 1761 hinc
402 1684 600 1776 elucescat,
629 1706 666 1760 et
690 1709 820 1783 pauca,
860 1688 903 1760 ad
931 1684 1142 1783 disciplinam
1166 1688 1383 1770 Eccleliasti·

162 1780 648 1974 titull‘itttlttsllt
666 1782 837 1953 {llll
854 1799 1028 1951 lilla
1046 1778 1247 1952 llll-‘2
1267 1788 1381 1963 llll
1514 1878 1517 1883 ·

164 1974 230 2049 teli
255 1976 294 2047 in
311 1972 509 2046 haereticos
533 1971 685 2061 iudicia,
708 1902 897 2068 §.pxlllq
922 1929 1175 2047 Nesto’riauum
1192 1905 1373 2073 aliquein,

165 2072 206 2143 ab
241 2067 387 2142 Abbate
418 2063 570 2164 Cyriaco
594 2066 632 2142 in
656 2068 751 2142 lauta
781 2067 1000 2155 Calamonir,
1030 2066 1073 2141 ad
1095 2065 1285 2163 Jordauem
1309 2069 1379 2149 flu·

166 2167 283 2254 vium,
315 2158 440 2237 frustra
460 2163 700 2253 admonitum,
731 2179 771 2236 ut
794 2163 837 2236 ad
860 2158 1048 2236 Eccleliam
1074 2160 1292 2240 catholicam
1316 2188 1376 2242 tc·

163 2260 327 2344 tederet,
353 2280 435 2332 cum
460 2255 620 2331 alienon
645 2257 687 2332 stt
711 2256 824 2333 salutis
847 2254 924 2346 via,
952 2253 1016 2329 nifi
1041 2254 1138 2331 τεᾶς
1163 2258 1313 2352 sentite,
1336 2277 1376 2338 et

162 2354 329 2439 credere,
369 2353 521 2426 Marium
545 2350 613 2426 elie
638 2354 847 2449 Deipatam,
889 2351 1084 2448 persuasum
1112 2352 1249 2428 tandem
1275 2353 1374 2433 luiffe

161 2451 236 2523 riso
258 2450 328 2522 viri
352 2446 535 2535 terribilis,
559 2445 624 2543 ipfi
640 2447 825 2540 adstantis,
847 2467 886 2518 et
901 2448 1016 2522 locum
1034 2446 1273 2540 tenebrosum,
1297 2451 1374 2524 foe·

162 2548 297 2630 tidurn,
313 2545 396 2638 igne
406 2543 630 2625 ferventem,
655 2541 899 2631 monstrantis,
923 2541 960 2616 in
977 2563 1047 2640 quo
1062 2540 1151 2616 vidit
1167 2543 1372 2639 Nestorium,

158 2659 189 2716 tt
224 2637 436 2729 lineolarum,
469 2639 639 2734 Eutychen
661 2656 695 2712 et
717 2637 956 2733 Apollinarem,
999 2636 1179 2730 Euagriam
1203 2656 1234 2713 tt
1266 2641 1374 2739 Didy-

159 2759 265 2825 mum,
305 2731 491 2829 Dioscorum
515 2750 547 2807 et
578 2734 749 2823 Severum,
788 2736 904 2809 Arium
937 2749 969 2807 et
1005 2735 1199 2826 Origeatm,
1231 2737 1371 2832 altosque

160 2830 343 2916 nonnullas,
367 2828 463 2902 timul
487 2827 551 2924 ipst
567 2829 736 2919 dicentis,
761 2831 847 2901 locus
865 2828 924 2923 ifle
944 2844 1082 2922 paratur
1104 2826 1152 2920 cll
1174 2828 1367 2921 haereticis,

160 2926 285 3023 iisque,
306 2929 360 3019 qai
379 2929 463 3017 inpie
487 2925 655 3020 loquuntur
681 2929 720 3000 de
733 2922 854 3021 stalla
877 2925 1045 3017 Deipuru,
1069 2943 1126 2994 aea
1151 2945 1209 2993 noa
1227 2927 1287 3017 r'r's,
1315 2931 1371 3022 qul

163 3045 270 3098 torum
288 3023 434 3114 logmata
449 3021 630 3116 sequuntur
632 3051 948 3091 -----
962 3014 998 3109 fi
1022 3040 1126 3089 amnes
1153 3023 1288 3096 uirtutes
1313 3023 1368 3096 lra-

160 3143 210 3191 ma
233 3135 398 3212 operetur,
431 3138 489 3187 uec
515 3118 596 3190 telle
611 3113 763 3211 sentiat,
804 3113 849 3187 atl
872 3114 954 3187 ltuac
979 3113 1078 3186 lacum
1104 3115 1260 3191 mittetur.
1293 3136 1366 3195 etc.

157 3214 346 3290 Utiliorem
371 3208 544 3306 praestitit
568 3230 708 3306 operam
733 3208 820 3283 aliut
843 3207 881 3282 in
916 3210 1007 3281 laura
1042 3207 1247 3282 Palaestinae
1280 3214 1367 3286 Mo.

156 3310 307 3397 nachor,
330 3306 527 3394 Antiochus,
551 3303 641 3378 libro
661 3302 809 3400 scripto,
835 3303 939 3377 titulo
953 3303 1129 3377 Pamlelles
1153 3304 1365 3403 Scripturot,

158 3406 238 3501 qui,
264 3401 302 3476 in
323 3425 394 3495 130
416 3398 530 3496 capitu
553 3397 750 3489 distinctus,
789 3398 946 3497 systema
977 3399 1215 3495 qualecunque
1249 3403 1367 3480 neuti-

158 3522 256 3597 quam
279 3496 533 3596 spernendum,
559 3497 690 3568 morale
713 3492 981 3590 comprehendit
1005 3492 1040 3567 in
1065 3493 1160 3567 ulum
1179 3494 1274 3568 vitae
1292 3521 1368 3574 mo·

157 3594 327 3685 nesticae,
355 3615 401 3667 ex
415 3589 519 3664 dietis
539 3589 761 3686 scripturae,
786 3608 824 3663 et
841 3589 1031 3664 celebrium
1054 3588 1228 3664 Ecclesiae
1244 3591 1368 3672 dallo.

155 3712 255 3782 rum,
271 3706 498 3765 contextum:
524 3685 583 3761 cui
600 3682 852 3782 exomologesis
867 3686 909 3760 ud
929 3687 1045 3760 Deum
1064 3683 1302 3783 subjungitur,
1328 3691 1368 3773 in

156 3808 222 3885 qua
245 3781 535 3883 conflagrationis
555 3781 842 3878 Hierosolymae,
873 3779 1024 3855 aPersts
1045 3779 1259 3874 destruttae,
1292 3809 1369 3864 me.

157 3882 280 3972 mittit,
303 3903 410 3979 quam
431 3878 470 3952 in
493 3875 712 3974 praelatione
733 3876 816 3953 libri
840 3875 1043 3988 descriplit‚
1068 3874 1127 3951 sed
1152 3878 1275 3973 lignum
1293 3908 1370 3959 aru·

156 3981 205 4063 tir
228 3979 380 4054 ablatum
405 3975 440 4049 in
465 3971 584 4070 specie
600 3972 778 4073 deplorat,
803 3972 894 4070 quod
918 3972 1070 4050 mirifice
1095 3974 1244 4050 extollit.
1294 3979 1369 4052 Ac·

152 4075 242 4155 cidit
263 4071 353 4157 illud
377 4093 411 4153 a.
435 4075 544 4169 614„
565 4091 636 4175 quo
658 4091 759 4243 anag
777 4065 923 4243 {cripit
968 4067 1096 4155 Editur
1118 4068 1171 4148 cll
1194 4070 1284 4194 libet
1300 4068 1382 4275 Ga

1451 4328 1496 4499 l
