3104 4814
149 630 223 709 mr
539 594 693 702 mmm
712 496 1013 709 urruns

150 774 1385 992 ttltmttllfttlttltltt{¹¹‘rrlltlt‘ltl'tr{lgr

236 983 342 1053 ebant
363 996 500 1053 omnes.
545 976 639 1053 neta
660 1000 748 1052 vero
771 977 908 1075 Synodr
940 977 1151 1077 perierunt,
1184 994 1304 1075 opera
1336 986 1383 1047 et

185 1075 269 1151 udio
286 1070 589 1163 immentorum,
613 1074 820 1171 fragmentis
845 1091 983 1148 tantum
1005 1069 1247 1172 superlectum
1262 1068 1385 1147 inae·

154 1177 202 1249 tls
224 1165 360 1269 synodi
385 1165 539 1245 Nicaen.
562 1170 633 1260 ll..
656 1168 715 1245 ubi
737 1166 954 1260 resumatur,
977 1176 1094 1261 unde,
1110 1166 1200 1269 ,quid
1214 1162 1278 1241 hic
1297 1160 1384 1239 fue·

154 1269 204 1345 rit
226 1266 361 1351 actum,
406 1263 528 1362 colligi
556 1263 676 1339 deber.
740 1263 810 1339 Sed
842 1263 1000 1341 addenda
1032 1266 1111 1341 suut
1150 1276 1386 1339 monumenta

155 1365 302 1445 aliorum
321 1354 589 1451 historicorum,
608 1357 859 1435 acerrimorum
877 1358 1049 1451 hostium,
1066 1380 1106 1436 ut
1124 1355 1384 1457 Theophanis,
1404 1388 1408 1395 ·

153 1457 353 1556 Nicephori
378 1454 415 1565 in
438 1455 641 1549 Breviorio,
674 1474 715 1533 ut
738 1474 788 1531 et·
801 1457 877 1533 vita
907 1457 1079 1554 Stephani
1106 1456 1184 1554 jon.
1215 1454 1255 1531 iu
1282 1450 1384 1527 Ana·

158 1556 261 1635 leolis
285 1553 443 1629 Graecra.

205 1649 240 1751 ᾗ
263 1648 456 1726 CLXXIX.
496 1647 626 1758 Eruant
646 1672 693 1728 ex
718 1647 775 1725 hir
795 1645 1035 1725 monumentis
1059 1640 1385 1751 hypothescalco-

157 1744 386 1827 noclallarum
412 1746 458 1821 de
479 1743 713 1841 Imaginibur,
736 1762 774 1822 et
787 1747 961 1841 rationu,
987 1744 1114 1841 quibus
1127 1734 1387 1833 sunerstmstata

157 1844 325 1932 fuerunt,
362 1854 398 1911 et
419 1840 691 1917 Icouodulorum
713 1838 868 1917 eversae.
922 1839 1003 1916 Post
1033 1834 1268 1914 omhoduxrm
1293 1830 1415 1911 fidei·

157 1940 289 2019 ediram
310 1932 585 2023 contuitionem,
607 1954 647 2010 et
669 1935 730 2011 sex
750 1936 999 2034 praecedenter
1023 1937 1187 2033 Synodoe
1200 1934 1386 2007 Oecume·

158 2038 258 2115 nicar
279 2028 470 2120 adsumtae,
500 2030 689 2109 haereticis
710 2034 886 2109 omnibur·
898 2030 1025 2107 danna
1041 2032 1092 2121 ia,
1132 2030 1186 2103 lm
1233 2027 1384 2103 rmut-

156 2132 296 2218 solutc,
322 2123 487 2205 etomni
510 2128 639 2218 modo,
664 2128 776 2204 cultur
801 2148 841 2203 et
863 2126 1076 2203 adorationis
1091 2126 1188 2225 respe
1257 2175 1270 2215 ,
1294 2146 1385 2223 pro·

158 2222 394 2322 scripserunt,
432 2221 522 2295 adeo
547 2241 586 2297 ut
610 2244 685 2301 non
709 2240 846 2297 tantum
873 2244 943 2298 non
968 2222 1034 2297 srnt
1061 2221 1277 2309 adorandae,
1320 2214 1386 2295 sed

158 2344 205 2401 ne
221 2317 361 2418 quidem
375 2313 602 2410 inEcclella,
624 2338 686 2395 aut
709 2316 856 2409 alicubi,
880 2318 941 2394 ubi
959 2316 1211 2416 superstitionis
1233 2312 1287 2390 est
1302 2336 1384 2390 nte·

158 2437 235 2509 tur,
282 2412 521 2491 collocandae.
582 2414 800 2490 lconolatrar
836 2414 1116 2490 condemnarunt
1147 2414 1185 2487 in
1222 2432 1385 2510 genere,

158 2531 369 2616 quocunque
386 2506 423 2583 id
440 2507 591 2583 fecerint
606 2529 816 2607 praetextu,
839 2512 1024 2586 anathema
1046 2512 1085 2584 in
1100 2507 1241 2607 specie,
1256 2524 1297 2582 et
1311 2530 1384 2583 no·

161 2608 344 2696 minutim,
379 2601 546 2680 dixerunt
580 2605 759 2682 Germano
789 2604 1009 2696 CPolitano‚
1051 2604 1151 2680 Geor
1176 2606 1211 2677 'o
1241 2602 1385 2719 cynric

158 2701 364 2791 Monacho,
383 2700 438 2791 ,ab
465 2722 511 2776 eo
531 2699 685 2796 ejusdem
710 2699 880 2792 nominis,
902 2700 1049 2778 Pifidiae
1080 2696 1210 2799 Epicu
1268 2753 1279 2792 ,
1302 2720 1384 2798 Jam

159 2802 371 2882 subLeone
394 2798 512 2872 Isauro
535 2794 741 2876 inexilium
777 2795 899 2890 millo,
948 2794 1105 2887 diverso,
1130 2816 1177 2871 et
1211 2723 1380 2894 liuenti

158 2899 327 2984 Mansur,
351 2893 409 3001 seu
432 2890 661 2977 Damasceuo.
709 2895 898 2986 Rationes,
921 2893 1046 2992 quibus
1063 2890 1190 2968 Cltristi
1202 2911 1262 2967 aut
1278 2890 1387 2967 san&

159 3014 276 3073 torum
301 2991 473 3093 imagines
495 3006 570 3060 non
595 2988 665 3063 elle
678 2989 879 3084 fingendas,
907 2986 1210 3079 demonstrarunt,
1233 2986 1313 3063 suut
1340 3008 1387 3075 r,

160 3083 322 3186 respectu
337 3076 482 3172 consti,
504 3102 586 3155 curn
609 3105 676 3180 per
697 3084 887 3182 imaginem
912 3109 984 3162 uon
1009 3084 1109 3184 polle
1133 3108 1172 3159 re
1198 3080 1381 3160 raesenonb

158 3108 1390 3363 l„

159 3376 283 3457 divina
315 3371 414 3542 pingi
449 3300 601 3470 nequgat
630 3330 775 3462 nalum,
827 3301 956 3448 crlristi
1005 3394 1077 3448 non
1099 3332 1254 3470 'poterit
1297 3369 1376 3447 dici

160 3481 300 3571 imago,
342 3468 380 3544 ni
430 3465 625 3558 statuatur,
665 3471 722 3542 vel
745 3468 901 3543 divinam
923 3485 1081 3545 naturam
1105 3490 1187 3544 curn
1220 3466 1379 3543 numam

159 3573 231 3653 effe
254 3564 504 3656 commixtam,
553 3564 622 3639 uod
643 3565 928 3665 Euthychianum
951 3565 1173 3656 censebatur,
1207 3561 1380 3639 velduac

161 3668 232 3748 elle
251 3665 288 3740 in
310 3657 448 3735 Christo
472 3586 654 3757 perluunt,
679 3664 772 3761 quod
795 3660 1129 3748 Nestorianilmum,
1167 3676 1210 3734 ut
1228 3660 1379 3773 putaba-

161 3788 240 3854 tur,
263 3760 411 3855 saperet.
460 3756 624 3835 Humana
648 3783 735 3834 vero
757 3758 897 3868 seorsim
919 3781 990 3834 nun
1013 3754 1128 3856 potest
1143 3755 1266 3865 pingi,
1290 3754 1378 3852 quia

163 3862 216 3944 est
239 3851 537 3962 Theanthrnpor,
569 3874 609 3929 et
635 3877 703 3928 nec
725 3855 797 3928 fine
819 3853 963 3964 drvrnae
986 3874 1128 3930 naturae
1152 3872 1282 3928 untone
1310 3852 1382 3927 ob·¹

161 3958 290 4040 ’elium
319 3947 545 4059 adorattonrr.
599 3970 633 4023 a.
667 3946 828 4056 Secunda
852 3970 964 4037 ratro,
1004 3950 1046 4025 ad
1071 3971 1192 4023 ornnes
1213 3944 1378 4057 spedlanc

159 4053 349 4158 imagines,
388 4042 479 4139 furt,
520 4041 730 4141 decalogum
757 4043 885 4121 diserte
908 4069 1016 4124 omne
1040 4068 1152 4144 genur
1182 4043 1388 4142 imagines,
