3104 4814
586 670 593 685 .
701 600 807 683 Serus
829 604 916 682 VII.
979 706 985 717 ι
1393 632 1422 719 3

190 771 304 851 dana:
325 800 347 853 a
371 799 444 877 qno
477 800 640 881 tempore
661 781 768 857 multa
792 780 904 878 passus
928 779 980 857 est
1006 782 1112 877 mala,
1137 804 1176 861 et
1201 792 1300 869 varie
1325 819 1419 887 exa·-

193 875 326 968 gitatur
352 896 394 951 ac
422 901 592 969 vexatus,
616 901 679 977 per
702 879 828 953 decem
852 900 983 968 annor,
1009 885 1051 953 ab
1068 908 1100 954 a.
1127 891 1209 974 ⁶52·
1237 891 1280 965 ad
1296 899 1405 989 ⁶62„

194 976 305 1043 donec
330 976 374 1046 ad
397 975 545 1050 Lazicos
572 973 770 1062 transsatus,
793 973 828 1049 in
844 974 1009 1049 confiniis
1025 979 1235 1072 Alanorum,
1259 1010 1290 1063 a,
1317 997 1401 1079 662.

192 1061 243 1137 ibi
265 1085 426 1143 mortum
448 1072 491 1145 fit
516 1073 554 1146 in
578 1092 738 1158 carcere,
761 1092 872 1144 annos
894 1090 994 1147 natur
1029 1085 1108 1157 82„
1150 1082 1242 1154 unde
1272 1106 1402 1165 nomen

194 1155 376 1256 tonseffnn's
401 1165 436 1240 ei
456 1166 621 1244 adhaefit.
672 1164 825 1241 Exilium
848 1186 964 1238 autem
992 1166 1066 1262 ejus
1099 1169 1209 1246 tribus
1241 1175 1293 1248 est
1325 1204 1401 1257 mu.

148 1282 162 1305 ·
194 1274 300 1328 tatum
324 1259 472 1340 vicibus.
522 1261 650 1341 Missus
673 1266 768 1335 enirn
794 1262 942 1357 primum
967 1262 1017 1333 est
1041 1265 1167 1360 Bizyan
1202 1270 1397 1371 Thraciae,

178 1349 266 1445 'post
287 1356 441 1450 primam
464 1360 538 1456 ejus
562 1383 643 1433 cnm
667 1358 889 1451 Principibus
913 1357 1136 1433 collationem
1165 1361 1202 1437 in
1234 1367 1396 1447 Secreta.

188 1444 243 1518 rio
262 1470 294 1523 a.
321 1456 429 1542 655,
454 1455 537 1529 dein
559 1452 641 1551 post
662 1451 846 1529 secundam
869 1474 949 1527 cnm
968 1451 1191 1546 Theodosio,
1215 1458 1395 1562 Episcopo

188 1540 392 1637 Caesareae,
425 1568 463 1622 et
486 1550 621 1625 duobua
636 1549 861 1635 Consulibus,
885 1570 915 1622 a.
942 1553 1025 1637 656.
1057 1552 1243 1647 Perperin,
1269 1558 1394 1639 itidem

186 1635 383 1731 Thraciae,
405 1642 445 1717 in
468 1646 659 1720 custodiam
680 1642 731 1717 est
757 1642 941 1737 abduelus,
975 1663 1013 1715 et
1036 1649 1213 1721 continuis
1233 1657 1395 1729 vexatio·

187 1730 283 1807 nibus
304 1737 498 1834 subjectns,
513 1738 673 1837 'denique
697 1741 741 1815 ad
756 1741 938 1836 regionem
963 1737 1136 1813 Laznrnm
1160 1745 1198 1815 in
1228 1749 1394 1828 confiniia

182 1829 376 1907 Alanorum
400 1837 624 1931 deportatur,
646 1859 676 1910 a.
703 1843 809 1925 662„
833 1855 871 1908 et
887 1831 936 1907 ibi
952 1836 1179 1912 mortuusest.
1227 1841 1393 1920 Praeten-

180 1926 305 2004 derunt
331 1928 475 2027 quidem
499 1930 737 2028 persecutioni
759 1930 853 2003 varia
876 1928 1043 2018 crimina,
1072 1931 1135 2027 ipsi
1159 1934 1317 2030 inpasta,
1350 1958 1391 2019 ut

179 2024 411 2123 proditionis,
438 2046 476 2101 et
491 2025 683 2103 calumniae
699 2024 738 2101 in
755 2027 1017 2121 iaperatorem,
1034 2047 1074 2099 ac
1090 2026 1236 2124 injuriae
1252 2032 1289 2107 in
1307 2037 1394 2133 Pyr·
1525 2120 1532 2138 ι

181 2124 285 2211 bum,
318 2122 424 2196 CPol.
472 2123 729 2213 Patriarcham,
761 2120 819 2196 sed
845 2145 926 2197 vera
949 2118 1060 2195 caussa
1077 2120 1148 2212 est,
1179 2148 1283 2221 quam
1315 2154 1390 2205 me·

180 2216 326 2293 moravi.
385 2218 496 2294 Varia
518 2217 679 2293 condidit
701 2217 849 2314 scripta,
874 2241 894 2290 a
917 2216 1127 2290 Combefisro
1151 2221 1265 2314 edita,
1298 2224 1388 2301 dun·

178 2313 238 2385 bus
261 2310 302 2385 in
326 2310 387 2386 sol.
412 2313 664 2401 voluminibus,
689 2335 797 2410 quae,
823 2312 996 2387 nonnullis
1018 2313 1201 2388 moralibus
1228 2338 1266 2392 et
1290 2321 1386 2397 asce-

178 2405 254 2480 ticis
279 2431 369 2481 exce
395 2407 458 2500 tir,
498 2410 682 2485 maximam
706 2408 884 2482 versantur
905 2427 1037 2502 partem
1061 2409 1156 2482 circa
1178 2412 1388 2492 incarnatio·
1531 2481 1536 2489 .

177 2521 254 2575 n:m
280 2433 428 2593 cmihj,
459 2524 656 2579 naturarum
685 2502 720 2576 in
742 2503 980 2611 ipsonduarum
1007 2501 1218 2596 unitionem,
1244 2526 1281 2582 et
1303 2511 1391 2589 duaa

177 2599 398 2689 voluntates,
439 2599 484 2674 de
520 2600 645 2697 quibus
669 2616 753 2672 tnnc
783 2598 853 2671 furt
890 2601 1115 2693 disputatum.
1170 2604 1238 2676 Sed
1269 2609 1387 2682 variae

174 2699 280 2767 etiarn
304 2712 496 2769 occurrunt
529 2695 785 2791 explanationes
815 2697 974 2768 locorum
1008 2691 1209 2805 Scripturae
1242 2700 1302 2789 S.‚
1343 2704 1385 2781 in

175 2790 297 2885 quibus
319 2791 502 2888 allegorias
522 2793 640 2887 pallrrn
662 2809 802 2958 captat,
825 2785 926 2894 millo
953 2789 1050 2862 sensu
1075 2791 1228 2866 litterali.
1247 2884 1256 2901 ·
1276 2797 1382 2872 Prae·

177 2904 231 2956 tet
255 2885 339 2957 haec
361 2908 490 2982 opera,
512 2911 531 2961 a
557 2888 691 2960 Combe
721 2884 769 2959 fio
793 2885 991 2977 publicata,
1016 2883 1193 2978 supersunt
1214 2887 1297 2963 alra:
1330 2893 1389 2971 uti

184 3001 217 3050 1.
243 3001 421 3074 computus
449 2981 634 3076 paschalia,
673 2983 732 3053 seu
764 2975 881 3053 brevis
915 2978 1065 3053 narratio
1099 2980 1286 3059 Christiani
1318 3010 1382 3082 pa·

129 3068 131 3077 '
173 3072 321 3166 schatis,
351 3076 388 3148 in
416 3079 609 3172 Uranologr'o
633 3073 771 3148 Petavii
796 3093 829 3146 a.
855 3072 996 3146 Scholia
1018 3073 1057 3148 in
1080 3075 1240 3172 Dionysii
1263 3082 1378 3160 Areo·

173 3170 312 3265 paginae
328 3195 456 3267 opera,
476 3173 649 3246 incorum
666 3167 823 3244 editione
840 3168 1054 3260 Raderiana,
1081 3190 1119 3243 et
1135 3196 1167 3265 3.
1187 3175 1383 3273 Ambigua,

168 3264 228 3338 seu
255 3264 431 3356 difficilia,
470 3269 547 3342 loca
575 3267 745 3363 Gregorii
779 3262 994 3339 Nazianzeni
1027 3266 1221 3359 explanata⁴
1278 3274 1381 3374 Quae

167 3357 236 3434 sec.
270 3362 336 3437 IX.
361 3363 468 3437 latine
491 3365 590 3439 versa
623 3362 699 3435 sunt
732 3385 752 3436 a
782 3360 864 3456 Juh.
896 3360 1042 3455 Erigena
1074 3363 1202 3451 Scuto,
1239 3385 1279 3441 et
1312 3392 1382 3463 una

167 3476 245 3528 curn
270 3459 371 3532 Senti
387 3457 503 3550 libris,
528 3461 573 3535 de
588 3454 740 3552 diristnne
757 3472 913 3546 amarae,
938 3456 1148 3552 prodierunt
1164 3461 1283 3538 Onon.
1310 3467 1378 3546 Gr.

164 3554 466 3629 mmmm
781 3600 784 3609 ·
1378 3634 1381 3641 Ι

209 3648 241 3747 h.
266 3651 317 3724 V.
359 3652 442 3724 Duo
474 3649 669 3727 floruerunt
699 3645 887 3745 Anastaſst',
927 3646 1119 3742 exquibus
1150 3671 1205 3723 rea
1227 3652 1381 3741 Maximi

164 3745 353 3842 praecipue
370 3746 450 3820 sunt
465 3746 658 3840 petendae,
684 3745 757 3842 ejus
774 3768 912 3841 quoqne
931 3742 1112 3839 discipuli,
1137 3765 1173 3815 et
1189 3744 1378 3843 itinerum,

162 3842 366 3931 exilinrnm,
394 3859 434 3915 et
461 3840 701 3917 adfliblinnnm
723 3840 821 3915 socii.
868 3838 1026 3938 Quorum
1050 3839 1137 3912 alter
1163 3837 1214 3914 est
1237 3844 1382 3919 Anasta·

160 3935 227 4011 fior
247 3937 451 4013 Monachus
476 3956 514 4008 et
538 3939 676 4027 Abbas,
717 3936 777 4032 qui
801 3960 833 4012 a.
859 3942 940 4025 655.
966 3936 1032 4009 hac
1058 3934 1102 4008 de
1127 3939 1274 4010 materia
1296 3962 1378 4011 era-

155 4032 247 4115 ravit
269 4032 459 4141 epistolam
482 4032 525 4110 ad
556 4054 716 4112 commune
726 4033 985 4202 AMunnrhnrurn
1014 4029 1057 4106 ad
1081 4032 1218 4194 Coralli:
1245 4031 1381 4196 1⁶0⁰„stss

164 4180 167 4187 -
259 4156 265 4201 t
789 4152 811 4225 3
1221 4149 1242 4194 ⁰
1283 4148 1384 4238 rum,
