3104 4814
580 656 600 727 .'
672 650 782 731 Serui.
805 651 905 743 Vri
1326 673 1400 763 ξεῖ

109 860 113 901 r
177 824 329 902 dodoret'
349 826 480 903 diserte
506 824 685 920 fatentur,
709 847 747 905 et
770 826 909 905 aliunde
927 826 1168 907 confirmatur.
1216 835 1232 904 l
1261 831 1387 911 stMu·

171 923 337 997 bammedi
362 925 436 999 hoc
459 921 626 998 tribuitur
647 925 806 1016 dicium.
842 928 1010 1019 unicuiqae
1049 952 1066 999 e
1092 856 1258 1020 paradis?
1271 935 1388 1006 incolit

170 1020 273 1094 darant
294 1023 341 1093 iri
355 1023 445 1095 vires
468 1036 596 1095 centum
616 1023 756 1096 mirorum
781 1022 825 1097 ad
848 1022 1022 1110 edendum,
1049 1023 1244 1114 bibendum,
1278 1030 1388 1101 libidi-

108 1140 111 1209 ς
167 1118 320 1208 tuden,
336 1134 374 1189 et
390 1138 535 1191 etonem
551 1119 769 1193 exercendam.
804 1116 887 1215 Quo
902 1114 1009 1189 etiam
1026 1115 1133 1207 facit,
1157 1120 1251 1216 quod
1269 1123 1397 1205 christ

108 1296 110 1315 Ι
166 1210 288 1285 titomn
309 1212 432 1309 jurare
454 1233 586 1307 cogant
610 1214 649 1287 in
676 1215 765 1289 hanc
788 1212 995 1287 formulam:
1013 1210 1301 1308 ſsaliterfecero,
1326 1234 1385 1292 aut

162 1305 317 1407 prmffis
339 1333 404 1381 non
417 1305 562 1403 stetero,
593 1311 678 1383 inter
702 1326 811 1387 cetera
835 1324 867 1380 rt
890 1305 1093 1402 adfirmabo,
1137 1336 1174 1384 re
1195 1318 1271 1385 eriri
1291 1317 1384 1408 puel·

162 1404 206 1475 les
222 1406 384 1500 proruas
405 1408 699 1504 μιγαλοφθιλμη
721 1410 753 1479 in
778 1400 1024 1497 resurredt'one,
1066 1420 1098 1477 er
1127 1430 1145 1479 e
1172 1432 1188 1480 e
1215 1410 1249 1480 io
1282 1413 1385 1485 altero

163 1501 268 1573 mdo
285 1525 327 1575 vo
385 1517 471 1574 tates
485 1523 671 1597 corporeas,
694 1501 782 1577 Vid.
805 1498 958 1573 Pocock.
984 1502 1007 1576 l.
1033 1497 1096 1576 cit.
1148 1503 1269 1671 (ium
1287 1504 1382 1601 quod

162 1614 258 1669 tator
282 1599 333 1671 M
385 1598 607 1673 ammcdanus
629 1597 721 1697 apud
753 1596 904 1669 eundem
936 1593 975 1667 in
1003 1593 1141 1690 specim.
1181 1596 1247 1695 cist.
1278 1603 1391 1679 Arar,

163 1714 197 1785 p.
220 1713 304 1783 ²92·
332 1693 463 1767 diserte
489 1693 645 1769 haeresen
696 1691 904 1778 renunciet,
930 1687 956 1763 fi
1007 1694 1060 1763 uis
1079 1692 1181 1765 aliter
1198 1717 1239 1768 ac
1259 1694 1383 1771 secun·

163 1785 238 1859 dum
259 1789 421 1863 litteram
444 1786 555 1861 intelli
581 1811 629 1865 at.
718 1810 759 1861 ec
786 1805 905 1861 tamen
928 1783 1002 1859 exil
1023 1787 1200 1863 'mandum
1224 1787 1294 1883 est,
1328 1790 1384 1865 so·

163 1881 209 1955 la
228 1903 290 1957 cor
320 1906 421 1958 oreae
441 1886 487 1957 ab
510 1813 592 1979 ipris
615 1883 756 1959 admitti
789 1883 988 1978 voluptates
1023 1879 1062 1957 in
1100 1882 1282 1979 paradiso,
1321 1907 1383 1959 ex·

160 1975 254 2054 dulit
290 1978 514 2077 piritualibue
535 1980 679 2055 deliciis.
730 1976 832 2051 Dixit
857 1976 953 2061 enim
970 1978 1220 2055 Muhammed.
1249 1996 1385 2075 praeter
1455 1998 1459 2013 ·

159 2072 255 2167 ieet,
278 2098 366 2173 quae
390 2077 537 2150 omnibus
552 2076 633 2170 sunt
657 2076 856 2164 communia,
878 2070 941 2167 effe
958 2089 1163 2241 praessarata
1187 2078 1275 2168 alla,
1298 2100 1383 2172 qaae
1445 2136 1450 2145 .

160 2174 351 2247 sterculus
376 2174 480 2260 vidit,
503 2193 560 2242 nee
582 2174 675 2245 ocris
699 2172 844 2259 audivit,
867 2193 922 2243 nee
953 2192 1006 2243 cor
1067 2174 1164 2244 minis
1180 2169 1380 2268 subieruntt

157 2262 310 2363 illudque
335 2266 377 2341 itt
398 2290 444 2342 eo
469 2265 572 2340 situm
596 2265 665 2340 elie
690 2266 901 2354 declaravit,
926 2263 1019 2360 quod
1033 2262 1166 2359 faciem
1192 2267 1261 2349 Dei
1287 2292 1385 2345 marte

156 2385 197 2435 ee
216 2362 352 2460 vespere
375 2362 681 2458 contemplenturt
710 2362 827 2450 addit,
867 2361 959 2435 banc
984 2360 1143 2437 ultimam
1164 2361 1381 2441 felicitatem

159 2456 225 2532 effe
246 2462 422 2534 summurn
449 2459 625 2533 beatitatis
651 2459 817 2555 gradum,
841 2457 1061 2549 voluptatem
1088 2458 1246 2533 omnium
1265 2460 1379 2535 marri·

158 2577 269 2647 mam,
312 2578 402 2653 quae
428 2555 613 2628 carnalium
641 2576 779 2650 quoque
803 2554 1027 2649 voluptatum
1052 2552 1215 2629 oblivisci
1254 2554 1380 2633 faciet.

157 2650 217 2726 Sit
248 2671 288 2725 et
316 2650 513 2745 Algazalius
539 2653 716 2724 cadmiam
743 2646 1044 2724 benefacientibus
1077 2652 1298 2745 voluptatum
1325 2650 1382 2729 ait

156 2747 249 2835 erre,
271 2746 452 2839 ursociem
469 2746 536 2817 Der·
554 2751 762 2836 intueamur,
788 2743 876 2819 Vid.
899 2760 1041 2842 praeter
1058 2744 1214 2821 Pocock.
1241 2748 1263 2821 l
1288 2746 1379 2842 cit,

154 2842 299 2917 tritius
327 2841 402 2918 dili.
427 2842 488 2917 sel.
512 2843 557 2918 X.

573 3034 642 3110 DE
672 3028 965 3108 PROPHETIS.

197 3224 232 3326 §.
260 3229 397 3306 CXVI.
439 3223 721 3302 Fundamentalia
754 3222 839 3299 fidei
872 3218 1188 3299 Muhammedanae
1220 3249 1304 3302 cum·
1335 3228 1376 3319 fit

154 3327 342 3415 articulus,
385 3328 501 3399 Deum
529 3321 599 3396 effe
626 3344 752 3410 unam,
793 3339 829 3394 et
853 3317 1144 3391 Muhammedem
1178 3321 1251 3418 ejas
1284 3325 1373 3401 sum·

156 3444 253 3495 mum
275 3422 511 3517 Prophetam:
554 3418 600 3491 de
630 3415 818 3504 Prophetis
842 3413 1001 3487 ‘omnino
1036 3414 1202 3510 quaedam
1226 3418 1375 3496 dicenda

158 3518 261 3606 sunt,
289 3518 432 3615 dequo
463 3514 625 3590 adcurate
651 3511 810 3587 disseruit
837 3508 1004 3585 Chardim
1025 3510 1162 3585 t..V11.
1186 3536 1222 3586 e.
1244 3534 1300 3601 2.‚
1334 3536 1373 3591 et

158 3612 334 3689 videndus
358 3612 410 3688 est
435 3630 537 3686 autor
560 3609 651 3707 apud
677 3605 827 3682 Reland.
874 3605 946 3679 Eos
969 3628 988 3677 a
1009 3608 1093 3681 Deo
1115 3606 1214 3683 soille
1238 3608 1380 3705 milior,

156 3712 332 3801 credunt,
356 3727 394 3785 ut
415 3731 524 3782 novas
552 3703 824 3780 constitutiones
848 3720 889 3773 et
908 3702 1002 3797 leget
1026 3701 1242 3796 conderent,
1266 3709 1373 3814 utle·

153 3803 518 3981 trililrlrlta
535 3825 653 3972 llil
668 3794 1379 4002 rlltlllrlrltlllrdlliltff‘

152 4005 231 4093 vel,
258 4000 452 4074 secundum
475 3995 572 4069 aliam
590 3992 840 4079 traditionem,
865 4008 1009 4063 centurn
1026 4008 1063 4062 et
1080 4012 1126 4079 24
1150 3992 1261 4078 mille,
1287 4013 1374 4082 quo·

152 4119 229 4175 rum
261 4120 332 4195 313
346 4098 582 4192 .Legatotum
611 4085 693 4167 suat
714 4108 863 4164 manete
886 4084 1027 4180 runci,
1048 4083 1109 4161 led
1134 4085 1195 4166 sex
1214 4101 1382 4202 tantum3

599 4182 830 4286 -Q4
1318 4201 1508 4508 qut⁴
