<?xml version="1.0" encoding="UTF-8"?>
<!DOCTYPE html PUBLIC "-//W3C//DTD XHTML 1.0 Transitional//EN"
    "http://www.w3.org/TR/xhtml1/DTD/xhtml1-transitional.dtd">
<html xmlns="http://www.w3.org/1999/xhtml" xml:lang="en" lang="en">
 <head>
  <title>
</title>
<meta http-equiv="Content-Type" content="text/html;charset=utf-8" />
  <meta name='ocr-system' content='tesseract 3.04.00' />
  <meta name='ocr-capabilities' content='ocr_page ocr_carea ocr_par ocr_line ocrx_word'/>
</head>
<body>
  <div class='ocr_page' id='page_1' title='image "./hermannivenemai03venegoog_0134.png"; bbox 0 0 3104 4814; ppageno 0'>
   <div class='ocr_carea' id='block_1_1' title="bbox 341 618 1448 744">
    <p class='ocr_par' dir='ltr' id='par_1_1' title="bbox 341 618 1448 744">
     <span class='ocr_line' id='line_1_1' title="bbox 341 618 1448 744; baseline -0.003 -27"><span class='ocrx_word' id='word_1_1' title='bbox 341 630 358 653; x_wconf 88' lang='lat'><strong>·</strong></span> <span class='ocrx_word' id='word_1_2' title='bbox 449 705 473 731; x_wconf 77' lang='grc'><em>,</em></span> <span class='ocrx_word' id='word_1_3' title='bbox 560 638 570 665; x_wconf 79' lang='grc'>’-</span> <span class='ocrx_word' id='word_1_4' title='bbox 695 638 801 718; x_wconf 69' lang='lat' dir='ltr'>tacut</span> <span class='ocrx_word' id='word_1_5' title='bbox 826 639 912 717; x_wconf 70' lang='lat' dir='ltr'>arr.</span> <span class='ocrx_word' id='word_1_6' title='bbox 1343 618 1448 744; x_wconf 47' lang='grc' dir='ltr'>ηδ’</span> 
     </span>
    </p>
   </div>
   <div class='ocr_carea' id='block_1_2' title="bbox 120 810 1407 4265">
    <p class='ocr_par' dir='ltr' id='par_1_2' title="bbox 120 810 1407 3393">
     <span class='ocr_line' id='line_1_2' title="bbox 191 810 1407 921; baseline 0.007 -28"><span class='ocrx_word' id='word_1_7' title='bbox 191 815 323 915; x_wconf 71' lang='lat' dir='ltr'>quisque</span> <span class='ocrx_word' id='word_1_8' title='bbox 340 810 492 911; x_wconf 73' lang='lat' dir='ltr'>secent,</span> <span class='ocrx_word' id='word_1_9' title='bbox 517 813 668 915; x_wconf 80' lang='lat' dir='ltr'>patiatur</span> <span class='ocrx_word' id='word_1_10' title='bbox 689 817 771 915; x_wconf 88' lang='lat' dir='ltr'>lege</span> <span class='ocrx_word' id='word_1_11' title='bbox 795 815 958 907; x_wconf 81' lang='lat' dir='ltr'>talionis,</span> <span class='ocrx_word' id='word_1_12' title='bbox 990 838 1048 892; x_wconf 87' lang='lat' dir='ltr'>ex.</span> <span class='ocrx_word' id='word_1_13' title='bbox 1072 838 1125 916; x_wconf 86' lang='lat' dir='ltr'>gr.</span> <span class='ocrx_word' id='word_1_14' title='bbox 1151 818 1175 895; x_wconf 88' lang='lat' dir='ltr'>fi</span> <span class='ocrx_word' id='word_1_15' title='bbox 1200 821 1279 921; x_wconf 85' lang='lat' dir='ltr'>quit</span> <span class='ocrx_word' id='word_1_16' title='bbox 1302 826 1407 901; x_wconf 87' lang='lat' dir='ltr'>alteri</span> 
     </span>
     <span class='ocr_line' id='line_1_3' title="bbox 184 912 1398 1017; baseline 0.008 -31"><span class='ocrx_word' id='word_1_17' title='bbox 184 915 337 1010; x_wconf 83' lang='lat' dir='ltr'>injuriam</span> <span class='ocrx_word' id='word_1_18' title='bbox 364 912 516 1003; x_wconf 81' lang='lat' dir='ltr'>fecerit,</span> <span class='ocrx_word' id='word_1_19' title='bbox 542 913 606 1008; x_wconf 82' lang='lat' dir='ltr'>ipfi</span> <span class='ocrx_word' id='word_1_20' title='bbox 632 930 687 990; x_wconf 88' lang='lat' dir='ltr'>tot</span> <span class='ocrx_word' id='word_1_21' title='bbox 714 916 806 989; x_wconf 88' lang='lat' dir='ltr'>bona</span> <span class='ocrx_word' id='word_1_22' title='bbox 830 937 936 1008; x_wconf 89' lang='lat' dir='ltr'>opera</span> <span class='ocrx_word' id='word_1_23' title='bbox 961 912 1209 1007; x_wconf 82' lang='lat' dir='ltr'>detrahantur,</span> <span class='ocrx_word' id='word_1_24' title='bbox 1235 944 1320 1017; x_wconf 87' lang='lat' dir='ltr'>quae</span> <span class='ocrx_word' id='word_1_25' title='bbox 1345 924 1398 998; x_wconf 91' lang='lat' dir='ltr'>in·</span> 
     </span>
     <span class='ocr_line' id='line_1_4' title="bbox 181 1006 1401 1120; baseline 0.008 -38"><span class='ocrx_word' id='word_1_26' title='bbox 181 1009 302 1107; x_wconf 76' lang='lat' dir='ltr'>jurium</span> <span class='ocrx_word' id='word_1_27' title='bbox 328 1006 426 1120; x_wconf 79' lang='lat' dir='ltr'>passo</span> <span class='ocrx_word' id='word_1_28' title='bbox 448 1011 665 1107; x_wconf 87' lang='lat' dir='ltr'>inputentur.</span> <span class='ocrx_word' id='word_1_29' title='bbox 714 1008 849 1083; x_wconf 85' lang='lat' dir='ltr'>Bestiae</span> <span class='ocrx_word' id='word_1_30' title='bbox 882 1032 969 1083; x_wconf 90' lang='lat' dir='ltr'>vero</span> <span class='ocrx_word' id='word_1_31' title='bbox 994 1025 1030 1081; x_wconf 91' lang='lat' dir='ltr'>ct</span> <span class='ocrx_word' id='word_1_32' title='bbox 1058 1010 1266 1105; x_wconf 81' lang='lat' dir='ltr'>animantia,</span> <span class='ocrx_word' id='word_1_33' title='bbox 1306 1016 1401 1113; x_wconf 90' lang='lat' dir='ltr'>post·</span> 
     </span>
     <span class='ocr_line' id='line_1_5' title="bbox 182 1102 1397 1204; baseline 0.007 -24"><span class='ocrx_word' id='word_1_34' title='bbox 182 1130 279 1203; x_wconf 83' lang='lat' dir='ltr'>quam</span> <span class='ocrx_word' id='word_1_35' title='bbox 302 1102 461 1180; x_wconf 82' lang='lat' dir='ltr'>vmdicla</span> <span class='ocrx_word' id='word_1_36' title='bbox 486 1109 531 1180; x_wconf 89' lang='lat' dir='ltr'>ab</span> <span class='ocrx_word' id='word_1_37' title='bbox 557 1106 636 1201; x_wconf 78' lang='lat' dir='ltr'>ipris</span> <span class='ocrx_word' id='word_1_38' title='bbox 657 1106 767 1181; x_wconf 89' lang='lat' dir='ltr'>suerit</span> <span class='ocrx_word' id='word_1_39' title='bbox 792 1106 923 1196; x_wconf 90' lang='lat' dir='ltr'>sumta,</span> <span class='ocrx_word' id='word_1_40' title='bbox 949 1106 987 1179; x_wconf 91' lang='lat' dir='ltr'>in</span> <span class='ocrx_word' id='word_1_41' title='bbox 1009 1105 1190 1200; x_wconf 89' lang='lat' dir='ltr'>pulverem</span> <span class='ocrx_word' id='word_1_42' title='bbox 1208 1111 1397 1204; x_wconf 78' lang='lat' dir='ltr'>redibuut3</span> 
     </span>
     <span class='ocr_line' id='line_1_6' title="bbox 181 1200 1394 1312; baseline 0.007 -37"><span class='ocrx_word' id='word_1_43' title='bbox 181 1220 328 1312; x_wconf 81' lang='lat' dir='ltr'>excepto</span> <span class='ocrx_word' id='word_1_44' title='bbox 350 1222 439 1275; x_wconf 87' lang='lat' dir='ltr'>cane</span> <span class='ocrx_word' id='word_1_45' title='bbox 455 1201 591 1300; x_wconf 89' lang='lat' dir='ltr'>septem</span> <span class='ocrx_word' id='word_1_46' title='bbox 608 1200 850 1277; x_wconf 84' lang='lat' dir='ltr'>dormientium</span> <span class='ocrx_word' id='word_1_47' title='bbox 867 1202 904 1274; x_wconf 91' lang='lat' dir='ltr'>in</span> <span class='ocrx_word' id='word_1_48' title='bbox 930 1200 1106 1297; x_wconf 87' lang='lat' dir='ltr'>spelunca,</span> <span class='ocrx_word' id='word_1_49' title='bbox 1142 1204 1237 1279; x_wconf 89' lang='lat' dir='ltr'>asmo</span> <span class='ocrx_word' id='word_1_50' title='bbox 1262 1207 1394 1297; x_wconf 76' lang='lat' dir='ltr'>Eume,</span> 
     </span>
     <span class='ocr_line' id='line_1_7' title="bbox 147 1294 1393 1396; baseline 0.007 -26"><span class='ocrx_word' id='word_1_51' title='bbox 147 1318 211 1387; x_wconf 76' lang='lat' dir='ltr'>¹et</span> <span class='ocrx_word' id='word_1_52' title='bbox 232 1304 327 1371; x_wconf 86' lang='lat' dir='ltr'>alma</span> <span class='ocrx_word' id='word_1_53' title='bbox 349 1294 501 1388; x_wconf 87' lang='lat' dir='ltr'>Christi,</span> <span class='ocrx_word' id='word_1_54' title='bbox 531 1300 664 1394; x_wconf 88' lang='lat' dir='ltr'>quippe</span> <span class='ocrx_word' id='word_1_55' title='bbox 688 1297 722 1373; x_wconf 93' lang='lat' dir='ltr'>in</span> <span class='ocrx_word' id='word_1_56' title='bbox 747 1297 937 1394; x_wconf 83' lang='lat' dir='ltr'>paradisum</span> <span class='ocrx_word' id='word_1_57' title='bbox 967 1295 1191 1391; x_wconf 85' lang='lat' dir='ltr'>recipiendis.</span> <span class='ocrx_word' id='word_1_58' title='bbox 1237 1303 1393 1396; x_wconf 74' lang='lat' dir='ltr'>Genios,</span> 
     </span>
     <span class='ocr_line' id='line_1_8' title="bbox 175 1389 1398 1490; baseline 0.007 -23"><span class='ocrx_word' id='word_1_59' title='bbox 175 1392 295 1490; x_wconf 83' lang='lat' dir='ltr'>quiin</span> <span class='ocrx_word' id='word_1_60' title='bbox 320 1391 612 1468; x_wconf 86' lang='lat' dir='ltr'>Muhammedem</span> <span class='ocrx_word' id='word_1_61' title='bbox 633 1394 876 1480; x_wconf 88' lang='lat' dir='ltr'>crediderunt,</span> <span class='ocrx_word' id='word_1_62' title='bbox 916 1389 973 1466; x_wconf 87' lang='lat' dir='ltr'>alii</span> <span class='ocrx_word' id='word_1_63' title='bbox 998 1391 1122 1466; x_wconf 90' lang='lat' dir='ltr'>dicunt</span> <span class='ocrx_word' id='word_1_64' title='bbox 1147 1395 1189 1469; x_wconf 92' lang='lat' dir='ltr'>ad</span> <span class='ocrx_word' id='word_1_65' title='bbox 1213 1401 1398 1490; x_wconf 80' lang='lat' dir='ltr'>pulverent</span> 
     </span>
     <span class='ocr_line' id='line_1_9' title="bbox 175 1485 1393 1581; baseline 0.007 -20"><span class='ocrx_word' id='word_1_66' title='bbox 175 1488 377 1581; x_wconf 79' lang='lat' dir='ltr'>redituros,</span> <span class='ocrx_word' id='word_1_67' title='bbox 399 1489 460 1562; x_wconf 84' lang='lat' dir='ltr'>alii</span> <span class='ocrx_word' id='word_1_68' title='bbox 477 1487 514 1562; x_wconf 91' lang='lat' dir='ltr'>in</span> <span class='ocrx_word' id='word_1_69' title='bbox 537 1491 651 1563; x_wconf 85' lang='lat' dir='ltr'>locunt</span> <span class='ocrx_word' id='word_1_70' title='bbox 675 1491 771 1563; x_wconf 90' lang='lat' dir='ltr'>circa</span> <span class='ocrx_word' id='word_1_71' title='bbox 795 1487 988 1581; x_wconf 84' lang='lat' dir='ltr'>paradisum</span> <span class='ocrx_word' id='word_1_72' title='bbox 1011 1485 1131 1561; x_wconf 85' lang='lat' dir='ltr'>ituros.</span> <span class='ocrx_word' id='word_1_73' title='bbox 1173 1491 1242 1564; x_wconf 90' lang='lat' dir='ltr'>Sed</span> <span class='ocrx_word' id='word_1_74' title='bbox 1267 1492 1393 1571; x_wconf 88' lang='lat' dir='ltr'>infide·</span> 
     </span>
     <span class='ocr_line' id='line_1_10' title="bbox 175 1582 1394 1693; baseline 0.004 -34"><span class='ocrx_word' id='word_1_75' title='bbox 175 1585 221 1659; x_wconf 80' lang='lat' dir='ltr'>lea</span> <span class='ocrx_word' id='word_1_76' title='bbox 245 1582 350 1693; x_wconf 86' lang='lat' dir='ltr'>genii</span> <span class='ocrx_word' id='word_1_77' title='bbox 385 1607 466 1659; x_wconf 89' lang='lat' dir='ltr'>curn</span> <span class='ocrx_word' id='word_1_78' title='bbox 496 1585 700 1659; x_wconf 86' lang='lat' dir='ltr'>horninibus</span> <span class='ocrx_word' id='word_1_79' title='bbox 732 1583 931 1656; x_wconf 76' lang='lat' dir='ltr'>infidelibus</span> <span class='ocrx_word' id='word_1_80' title='bbox 953 1585 990 1654; x_wconf 87' lang='lat' dir='ltr'>in</span> <span class='ocrx_word' id='word_1_81' title='bbox 1018 1582 1139 1676; x_wconf 89' lang='lat' dir='ltr'>ignem</span> <span class='ocrx_word' id='word_1_82' title='bbox 1165 1584 1244 1658; x_wconf 90' lang='lat' dir='ltr'>sunt</span> <span class='ocrx_word' id='word_1_83' title='bbox 1268 1587 1394 1665; x_wconf 83' lang='lat' dir='ltr'>inmit-</span> 
     </span>
     <span class='ocr_line' id='line_1_11' title="bbox 176 1676 1391 1776; baseline 0.002 -23"><span class='ocrx_word' id='word_1_84' title='bbox 176 1682 280 1755; x_wconf 76' lang='lat' dir='ltr'>tenda</span> <span class='ocrx_word' id='word_1_85' title='bbox 332 1677 473 1776; x_wconf 88' lang='lat' dir='ltr'>Judicio</span> <span class='ocrx_word' id='word_1_86' title='bbox 497 1678 620 1767; x_wconf 88' lang='lat' dir='ltr'>finito,</span> <span class='ocrx_word' id='word_1_87' title='bbox 661 1701 784 1753; x_wconf 89' lang='lat' dir='ltr'>omnes</span> <span class='ocrx_word' id='word_1_88' title='bbox 810 1678 893 1749; x_wconf 91' lang='lat' dir='ltr'>boni</span> <span class='ocrx_word' id='word_1_89' title='bbox 929 1694 965 1749; x_wconf 89' lang='lat' dir='ltr'>et</span> <span class='ocrx_word' id='word_1_90' title='bbox 996 1676 1077 1749; x_wconf 90' lang='lat' dir='ltr'>mali</span> <span class='ocrx_word' id='word_1_91' title='bbox 1109 1678 1151 1751; x_wconf 90' lang='lat' dir='ltr'>ad</span> <span class='ocrx_word' id='word_1_92' title='bbox 1176 1678 1299 1755; x_wconf 87' lang='lat' dir='ltr'>statum</span> <span class='ocrx_word' id='word_1_93' title='bbox 1324 1686 1391 1761; x_wconf 84' lang='lat' dir='ltr'>sm·</span> 
     </span>
     <span class='ocr_line' id='line_1_12' title="bbox 176 1772 1390 1873; baseline 0.006 -25"><span class='ocrx_word' id='word_1_94' title='bbox 176 1775 258 1873; x_wconf 76' lang='lat' dir='ltr'>gulis</span> <span class='ocrx_word' id='word_1_95' title='bbox 280 1772 499 1870; x_wconf 86' lang='lat' dir='ltr'>adsignatum</span> <span class='ocrx_word' id='word_1_96' title='bbox 528 1773 667 1849; x_wconf 76' lang='lat' dir='ltr'>transire</span> <span class='ocrx_word' id='word_1_97' title='bbox 704 1775 834 1847; x_wconf 87' lang='lat' dir='ltr'>debent</span> <span class='ocrx_word' id='word_1_98' title='bbox 857 1793 922 1870; x_wconf 89' lang='lat' dir='ltr'>per</span> <span class='ocrx_word' id='word_1_99' title='bbox 941 1788 1091 1867; x_wconf 78' lang='lat' dir='ltr'>pometa,</span> <span class='ocrx_word' id='word_1_100' title='bbox 1123 1772 1225 1869; x_wconf 89' lang='lat' dir='ltr'>super</span> <span class='ocrx_word' id='word_1_101' title='bbox 1249 1779 1390 1873; x_wconf 89' lang='lat' dir='ltr'>gehen·</span> 
     </span>
     <span class='ocr_line' id='line_1_13' title="bbox 175 1865 1387 1970; baseline 0.003 -23"><span class='ocrx_word' id='word_1_102' title='bbox 175 1894 218 1947; x_wconf 78' lang='lat' dir='ltr'>na</span> <span class='ocrx_word' id='word_1_103' title='bbox 237 1868 409 1957; x_wconf 83' lang='lat' dir='ltr'>stratum,</span> <span class='ocrx_word' id='word_1_104' title='bbox 444 1889 483 1945; x_wconf 90' lang='lat' dir='ltr'>et</span> <span class='ocrx_word' id='word_1_105' title='bbox 506 1870 582 1963; x_wconf 87' lang='lat' dir='ltr'>pilo</span> <span class='ocrx_word' id='word_1_106' title='bbox 606 1868 841 1956; x_wconf 82' lang='lat' dir='ltr'>subtiliorem,</span> <span class='ocrx_word' id='word_1_107' title='bbox 872 1889 914 1942; x_wconf 87' lang='lat' dir='ltr'>ac</span> <span class='ocrx_word' id='word_1_108' title='bbox 935 1870 1013 1941; x_wconf 89' lang='lat' dir='ltr'>acie</span> <span class='ocrx_word' id='word_1_109' title='bbox 1034 1865 1141 1963; x_wconf 87' lang='lat' dir='ltr'>gladii</span> <span class='ocrx_word' id='word_1_110' title='bbox 1167 1877 1387 1970; x_wconf 71' lang='lat' dir='ltr'>acutiorem,</span> 
     </span>
     <span class='ocr_line' id='line_1_14' title="bbox 170 1962 1379 2133; baseline 0.003 -92"><span class='ocrx_word' id='word_1_111' title='bbox 170 1966 335 2041; x_wconf 77' lang='lat' dir='ltr'>uteribus</span> <span class='ocrx_word' id='word_1_112' title='bbox 361 1966 483 2041; x_wconf 77' lang='lat' dir='ltr'>obiitin</span> <span class='ocrx_word' id='word_1_113' title='bbox 507 1965 658 2039; x_wconf 76' lang='lat' dir='ltr'>sentibus</span> <span class='ocrx_word' id='word_1_114' title='bbox 681 1984 717 2038; x_wconf 92' lang='lat' dir='ltr'>et</span> <span class='ocrx_word' id='word_1_115' title='bbox 738 1963 866 2133; x_wconf 65' lang='lat' dir='ltr'>sfinis3</span> <span class='ocrx_word' id='word_1_116' title='bbox 890 1987 956 2058; x_wconf 92' lang='lat' dir='ltr'>per</span> <span class='ocrx_word' id='word_1_117' title='bbox 982 1985 1084 2061; x_wconf 90' lang='lat' dir='ltr'>quem</span> <span class='ocrx_word' id='word_1_118' title='bbox 1111 1962 1196 2039; x_wconf 85' lang='lat' dir='ltr'>mira</span> <span class='ocrx_word' id='word_1_119' title='bbox 1219 1969 1379 2045; x_wconf 87' lang='lat' dir='ltr'>celerita-</span> 
     </span>
     <span class='ocr_line' id='line_1_15' title="bbox 170 2058 1389 2150; baseline 0.006 -15"><span class='ocrx_word' id='word_1_120' title='bbox 170 2082 225 2150; x_wconf 89' lang='lat' dir='ltr'>te,</span> <span class='ocrx_word' id='word_1_121' title='bbox 250 2062 374 2135; x_wconf 86' lang='lat' dir='ltr'>‹livina</span> <span class='ocrx_word' id='word_1_122' title='bbox 397 2064 477 2137; x_wconf 92' lang='lat' dir='ltr'>luce</span> <span class='ocrx_word' id='word_1_123' title='bbox 501 2058 680 2148; x_wconf 86' lang='lat' dir='ltr'>illustrati,</span> <span class='ocrx_word' id='word_1_124' title='bbox 705 2061 872 2134; x_wconf 89' lang='lat' dir='ltr'>voabunt</span> <span class='ocrx_word' id='word_1_125' title='bbox 895 2058 1037 2149; x_wconf 88' lang='lat' dir='ltr'>fideles,</span> <span class='ocrx_word' id='word_1_126' title='bbox 1060 2058 1121 2134; x_wconf 90' lang='lat' dir='ltr'>sed</span> <span class='ocrx_word' id='word_1_127' title='bbox 1146 2060 1304 2139; x_wconf 79' lang='lat' dir='ltr'>infideles</span> <span class='ocrx_word' id='word_1_128' title='bbox 1326 2066 1389 2142; x_wconf 92' lang='lat' dir='ltr'>de·</span> 
     </span>
     <span class='ocr_line' id='line_1_16' title="bbox 170 2155 1387 2262; baseline 0.003 -29"><span class='ocrx_word' id='word_1_129' title='bbox 170 2156 253 2254; x_wconf 83' lang='lat' dir='ltr'>lapsi</span> <span class='ocrx_word' id='word_1_130' title='bbox 276 2158 319 2233; x_wconf 90' lang='lat' dir='ltr'>in</span> <span class='ocrx_word' id='word_1_131' title='bbox 341 2158 543 2254; x_wconf 86' lang='lat' dir='ltr'>gehennam</span> <span class='ocrx_word' id='word_1_132' title='bbox 565 2156 900 2253; x_wconf 88' lang='lat' dir='ltr'>praecipitabuntur.</span> <span class='ocrx_word' id='word_1_133' title='bbox 949 2155 1033 2262; x_wconf 71' lang='lat' dir='ltr'>Nec</span> <span class='ocrx_word' id='word_1_134' title='bbox 1059 2174 1176 2230; x_wconf 90' lang='lat' dir='ltr'>tamen</span> <span class='ocrx_word' id='word_1_135' title='bbox 1194 2182 1318 2235; x_wconf 86' lang='lat' dir='ltr'>omner</span> <span class='ocrx_word' id='word_1_136' title='bbox 1336 2183 1387 2237; x_wconf 61' lang='lat' dir='ltr'>tao</span> 
     </span>
     <span class='ocr_line' id='line_1_17' title="bbox 172 2250 1387 2356; baseline 0.006 -29"><span class='ocrx_word' id='word_1_137' title='bbox 172 2254 244 2327; x_wconf 87' lang='lat' dir='ltr'>lem</span> <span class='ocrx_word' id='word_1_138' title='bbox 276 2272 431 2349; x_wconf 88' lang='lat' dir='ltr'>pontem</span> <span class='ocrx_word' id='word_1_139' title='bbox 464 2250 876 2343; x_wconf 86' lang='lat' dir='ltr'>admittunt,.nonnulli</span> <span class='ocrx_word' id='word_1_140' title='bbox 915 2269 1024 2325; x_wconf 80' lang='lat' dir='ltr'>etiarn</span> <span class='ocrx_word' id='word_1_141' title='bbox 1053 2273 1075 2322; x_wconf 89' lang='lat' dir='ltr'>e</span> <span class='ocrx_word' id='word_1_142' title='bbox 1103 2253 1290 2333; x_wconf 83' lang='lat' dir='ltr'>Motazalis</span> <span class='ocrx_word' id='word_1_143' title='bbox 1319 2282 1387 2356; x_wconf 85' lang='lat' dir='ltr'>pro</span> 
     </span>
     <span class='ocr_line' id='line_1_18' title="bbox 170 2345 1385 2443; baseline 0.007 -20"><span class='ocrx_word' id='word_1_144' title='bbox 170 2366 381 2423; x_wconf 88' lang='lat' dir='ltr'>commento</span> <span class='ocrx_word' id='word_1_145' title='bbox 403 2349 555 2435; x_wconf 88' lang='lat' dir='ltr'>habent,</span> <span class='ocrx_word' id='word_1_146' title='bbox 581 2348 661 2441; x_wconf 91' lang='lat' dir='ltr'>quia</span> <span class='ocrx_word' id='word_1_147' title='bbox 685 2345 883 2443; x_wconf 83' lang='lat' dir='ltr'>inpossibile</span> <span class='ocrx_word' id='word_1_148' title='bbox 906 2363 1052 2440; x_wconf 88' lang='lat' dir='ltr'>putant,</span> <span class='ocrx_word' id='word_1_149' title='bbox 1079 2366 1118 2418; x_wconf 91' lang='lat' dir='ltr'>ut</span> <span class='ocrx_word' id='word_1_150' title='bbox 1141 2347 1385 2431; x_wconf 85' lang='lat' dir='ltr'>incedentium</span> 
     </span>
     <span class='ocr_line' id='line_1_19' title="bbox 120 2440 1383 2541; baseline -0.01 -22"><span class='ocrx_word' id='word_1_151' title='bbox 120 2480 123 2485; x_wconf 86' lang='lat'><em>.</em></span> <span class='ocrx_word' id='word_1_152' title='bbox 167 2446 277 2541; x_wconf 80' lang='lat' dir='ltr'>pedes</span> <span class='ocrx_word' id='word_1_153' title='bbox 301 2444 342 2516; x_wconf 92' lang='lat' dir='ltr'>in</span> <span class='ocrx_word' id='word_1_154' title='bbox 367 2466 412 2517; x_wconf 88' lang='lat' dir='ltr'>eo</span> <span class='ocrx_word' id='word_1_155' title='bbox 437 2440 632 2517; x_wconf 77' lang='lat' dir='ltr'>consistant.</span> <span class='ocrx_word' id='word_1_156' title='bbox 680 2442 845 2537; x_wconf 85' lang='lat' dir='ltr'>Denique</span> <span class='ocrx_word' id='word_1_157' title='bbox 874 2442 909 2513; x_wconf 91' lang='lat' dir='ltr'>in</span> <span class='ocrx_word' id='word_1_158' title='bbox 940 2440 1103 2535; x_wconf 86' lang='lat' dir='ltr'>gehenna</span> <span class='ocrx_word' id='word_1_159' title='bbox 1124 2441 1251 2537; x_wconf 81' lang='lat' dir='ltr'>septem</span> <span class='ocrx_word' id='word_1_160' title='bbox 1275 2446 1383 2525; x_wconf 90' lang='lat' dir='ltr'>statu.</span> 
     </span>
     <span class='ocr_line' id='line_1_20' title="bbox 167 2534 1383 2636; baseline 0.004 -23"><span class='ocrx_word' id='word_1_161' title='bbox 167 2560 231 2615; x_wconf 86' lang='lat' dir='ltr'>unt</span> <span class='ocrx_word' id='word_1_162' title='bbox 251 2541 401 2636; x_wconf 86' lang='lat' dir='ltr'>gradus,</span> <span class='ocrx_word' id='word_1_163' title='bbox 439 2562 508 2636; x_wconf 91' lang='lat' dir='ltr'>pro</span> <span class='ocrx_word' id='word_1_164' title='bbox 543 2541 692 2613; x_wconf 86' lang='lat' dir='ltr'>totidem</span> <span class='ocrx_word' id='word_1_165' title='bbox 719 2534 900 2612; x_wconf 89' lang='lat' dir='ltr'>hominurn</span> <span class='ocrx_word' id='word_1_166' title='bbox 932 2535 1106 2626; x_wconf 82' lang='lat' dir='ltr'>classibus,</span> <span class='ocrx_word' id='word_1_167' title='bbox 1143 2537 1280 2616; x_wconf 90' lang='lat' dir='ltr'>scilicet</span> <span class='ocrx_word' id='word_1_168' title='bbox 1305 2567 1383 2619; x_wconf 89' lang='lat' dir='ltr'>cre·</span> 
     </span>
     <span class='ocr_line' id='line_1_21' title="bbox 165 2631 1385 2731; baseline 0.005 -22"><span class='ocrx_word' id='word_1_169' title='bbox 165 2636 332 2710; x_wconf 88' lang='lat' dir='ltr'>dentium</span> <span class='ocrx_word' id='word_1_170' title='bbox 357 2636 394 2708; x_wconf 93' lang='lat' dir='ltr'>in</span> <span class='ocrx_word' id='word_1_171' title='bbox 418 2658 525 2708; x_wconf 91' lang='lat' dir='ltr'>unum</span> <span class='ocrx_word' id='word_1_172' title='bbox 549 2634 688 2723; x_wconf 91' lang='lat' dir='ltr'>Deum,</span> <span class='ocrx_word' id='word_1_173' title='bbox 719 2635 779 2730; x_wconf 93' lang='lat' dir='ltr'>qui</span> <span class='ocrx_word' id='word_1_174' title='bbox 800 2631 923 2728; x_wconf 86' lang='lat' dir='ltr'>postea</span> <span class='ocrx_word' id='word_1_175' title='bbox 949 2631 1206 2724; x_wconf 87' lang='lat' dir='ltr'>liberabuntur,</span> <span class='ocrx_word' id='word_1_176' title='bbox 1230 2638 1385 2731; x_wconf 82' lang='lat' dir='ltr'>Judaeu-</span> 
     </span>
     <span class='ocr_line' id='line_1_22' title="bbox 164 2727 1384 2827; baseline 0.002 -20"><span class='ocrx_word' id='word_1_177' title='bbox 164 2756 265 2821; x_wconf 85' lang='lat' dir='ltr'>rum,</span> <span class='ocrx_word' id='word_1_178' title='bbox 294 2727 593 2817; x_wconf 87' lang='lat' dir='ltr'>Christianorum,</span> <span class='ocrx_word' id='word_1_179' title='bbox 626 2728 826 2818; x_wconf 88' lang='lat' dir='ltr'>Sabiornm,</span> <span class='ocrx_word' id='word_1_180' title='bbox 859 2730 1072 2823; x_wconf 85' lang='lat' dir='ltr'>Magorum,</span> <span class='ocrx_word' id='word_1_181' title='bbox 1097 2728 1384 2827; x_wconf 84' lang='lat' dir='ltr'>idololatrarum,</span> 
     </span>
     <span class='ocr_line' id='line_1_23' title="bbox 163 2822 1383 2922; baseline 0.002 -20"><span class='ocrx_word' id='word_1_182' title='bbox 163 2848 200 2902; x_wconf 86' lang='lat' dir='ltr'>et</span> <span class='ocrx_word' id='word_1_183' title='bbox 230 2828 281 2922; x_wconf 71' lang='lat' dir='ltr'>hy</span> <span class='ocrx_word' id='word_1_184' title='bbox 312 2824 520 2898; x_wconf 89' lang='lat' dir='ltr'>ocritarum:</span> <span class='ocrx_word' id='word_1_185' title='bbox 556 2849 702 2921; x_wconf 89' lang='lat' dir='ltr'>quorum</span> <span class='ocrx_word' id='word_1_186' title='bbox 727 2824 931 2898; x_wconf 88' lang='lat' dir='ltr'>ultimorum</span> <span class='ocrx_word' id='word_1_187' title='bbox 952 2822 1022 2894; x_wconf 88' lang='lat' dir='ltr'>erit</span> <span class='ocrx_word' id='word_1_188' title='bbox 1047 2824 1203 2899; x_wconf 91' lang='lat' dir='ltr'>omnium</span> <span class='ocrx_word' id='word_1_189' title='bbox 1229 2827 1383 2905; x_wconf 89' lang='lat' dir='ltr'>miserri-</span> 
     </span>
     <span class='ocr_line' id='line_1_24' title="bbox 163 2915 1384 3013; baseline 0.002 -14"><span class='ocrx_word' id='word_1_190' title='bbox 163 2932 279 2999; x_wconf 77' lang='lat' dir='ltr'>muss</span> <span class='ocrx_word' id='word_1_191' title='bbox 320 2938 385 2995; x_wconf 85' lang='lat' dir='ltr'>tus.</span> <span class='ocrx_word' id='word_1_192' title='bbox 437 2920 605 2994; x_wconf 87' lang='lat' dir='ltr'>Omnium</span> <span class='ocrx_word' id='word_1_193' title='bbox 638 2940 744 3008; x_wconf 87' lang='lat' dir='ltr'>veru,</span> <span class='ocrx_word' id='word_1_194' title='bbox 783 2915 840 3013; x_wconf 92' lang='lat' dir='ltr'>qui</span> <span class='ocrx_word' id='word_1_195' title='bbox 865 2919 901 2989; x_wconf 91' lang='lat' dir='ltr'>in</span> <span class='ocrx_word' id='word_1_196' title='bbox 929 2939 1034 2989; x_wconf 88' lang='lat' dir='ltr'>unum</span> <span class='ocrx_word' id='word_1_197' title='bbox 1058 2917 1282 2996; x_wconf 89' lang='lat' dir='ltr'>crediderunt</span> <span class='ocrx_word' id='word_1_198' title='bbox 1307 2926 1384 3001; x_wconf 82' lang='lat' dir='ltr'>De·</span> 
     </span>
     <span class='ocr_line' id='line_1_25' title="bbox 162 3014 1384 3114; baseline 0.006 -25"><span class='ocrx_word' id='word_1_199' title='bbox 162 3044 245 3109; x_wconf 88' lang='lat' dir='ltr'>om,</span> <span class='ocrx_word' id='word_1_200' title='bbox 271 3038 405 3114; x_wconf 83' lang='lat' dir='ltr'>poenas</span> <span class='ocrx_word' id='word_1_201' title='bbox 431 3015 500 3089; x_wconf 87' lang='lat' dir='ltr'>esse</span> <span class='ocrx_word' id='word_1_202' title='bbox 524 3016 691 3090; x_wconf 83' lang='lat' dir='ltr'>finiendas</span> <span class='ocrx_word' id='word_1_203' title='bbox 715 3032 912 3097; x_wconf 90' lang='lat' dir='ltr'>autumant,</span> <span class='ocrx_word' id='word_1_204' title='bbox 937 3031 975 3086; x_wconf 89' lang='lat' dir='ltr'>et</span> <span class='ocrx_word' id='word_1_205' title='bbox 998 3014 1161 3109; x_wconf 88' lang='lat' dir='ltr'>gehenna</span> <span class='ocrx_word' id='word_1_206' title='bbox 1185 3016 1384 3099; x_wconf 62' lang='lat' dir='ltr'>liberandos</span> 
     </span>
     <span class='ocr_line' id='line_1_26' title="bbox 162 3109 1379 3208; baseline -0.001 -19"><span class='ocrx_word' id='word_1_207' title='bbox 162 3139 225 3189; x_wconf 76' lang='lat' dir='ltr'>eor</span> <span class='ocrx_word' id='word_1_208' title='bbox 251 3111 350 3199; x_wconf 82' lang='lat' dir='ltr'>elle,</span> <span class='ocrx_word' id='word_1_209' title='bbox 382 3111 565 3208; x_wconf 86' lang='lat' dir='ltr'>postquam</span> <span class='ocrx_word' id='word_1_210' title='bbox 591 3113 633 3186; x_wconf 93' lang='lat' dir='ltr'>ad</span> <span class='ocrx_word' id='word_1_211' title='bbox 664 3109 848 3185; x_wconf 89' lang='lat' dir='ltr'>minimum</span> <span class='ocrx_word' id='word_1_212' title='bbox 871 3132 946 3199; x_wconf 92' lang='lat'>900</span> <span class='ocrx_word' id='word_1_213' title='bbox 967 3132 1095 3199; x_wconf 88' lang='lat' dir='ltr'>annos,</span> <span class='ocrx_word' id='word_1_214' title='bbox 1127 3111 1169 3183; x_wconf 90' lang='lat' dir='ltr'>ad</span> <span class='ocrx_word' id='word_1_215' title='bbox 1193 3114 1379 3206; x_wconf 82' lang='lat' dir='ltr'>plurimum</span> 
     </span>
     <span class='ocr_line' id='line_1_27' title="bbox 162 3203 1378 3304; baseline -0.004 -22"><span class='ocrx_word' id='word_1_216' title='bbox 162 3232 285 3304; x_wconf 73' lang='lat'>7000,</span> <span class='ocrx_word' id='word_1_217' title='bbox 311 3205 364 3280; x_wconf 91' lang='lat' dir='ltr'>ibi</span> <span class='ocrx_word' id='word_1_218' title='bbox 388 3209 593 3297; x_wconf 87' lang='lat' dir='ltr'>manserint,</span> <span class='ocrx_word' id='word_1_219' title='bbox 619 3229 681 3301; x_wconf 87' lang='lat' dir='ltr'>per</span> <span class='ocrx_word' id='word_1_220' title='bbox 704 3203 975 3280; x_wconf 85' lang='lat' dir='ltr'>misericordiam</span> <span class='ocrx_word' id='word_1_221' title='bbox 999 3205 1092 3293; x_wconf 91' lang='lat' dir='ltr'>Dei,</span> <span class='ocrx_word' id='word_1_222' title='bbox 1128 3208 1184 3285; x_wconf 89' lang='lat' dir='ltr'>vel</span> <span class='ocrx_word' id='word_1_223' title='bbox 1208 3229 1243 3281; x_wconf 90' lang='lat' dir='ltr'>et</span> <span class='ocrx_word' id='word_1_224' title='bbox 1267 3214 1378 3291; x_wconf 89' lang='lat' dir='ltr'>inter.</span> 
     </span>
     <span class='ocr_line' id='line_1_28' title="bbox 156 3302 1253 3393; baseline -0.001 -14"><span class='ocrx_word' id='word_1_225' title='bbox 156 3306 351 3379; x_wconf 78' lang='lat' dir='ltr'>cessionem</span> <span class='ocrx_word' id='word_1_226' title='bbox 370 3302 654 3390; x_wconf 83' lang='lat' dir='ltr'>Multammedis,</span> <span class='ocrx_word' id='word_1_227' title='bbox 680 3303 871 3393; x_wconf 62' lang='lat' dir='ltr'>SuntXlX:</span> <span class='ocrx_word' id='word_1_228' title='bbox 898 3307 979 3390; x_wconf 86' lang='lat'>69.,</span> <span class='ocrx_word' id='word_1_229' title='bbox 1002 3302 1253 3380; x_wconf 80' lang='lat' dir='ltr'>aeneatorum.</span> 
     </span>
    </p>

    <p class='ocr_par' dir='ltr' id='par_1_3' title="bbox 153 3391 1384 4235">
     <span class='ocr_line' id='line_1_29' title="bbox 204 3391 1384 3497; baseline 0.009 -25"><span class='ocrx_word' id='word_1_230' title='bbox 204 3400 240 3497; x_wconf 59' lang='grc' dir='ltr'>ς.</span> <span class='ocrx_word' id='word_1_231' title='bbox 265 3399 403 3473; x_wconf 79' lang='lat' dir='ltr'><strong>CXIV.</strong></span> <span class='ocrx_word' id='word_1_232' title='bbox 437 3397 605 3486; x_wconf 89' lang='lat' dir='ltr'>Paradisr,</span> <span class='ocrx_word' id='word_1_233' title='bbox 631 3397 702 3469; x_wconf 85' lang='lat' dir='ltr'>five</span> <span class='ocrx_word' id='word_1_234' title='bbox 724 3398 794 3493; x_wconf 88' lang='lat' dir='ltr'>jam</span> <span class='ocrx_word' id='word_1_235' title='bbox 817 3394 961 3485; x_wconf 83' lang='lat' dir='ltr'>existat,</span> <span class='ocrx_word' id='word_1_236' title='bbox 987 3391 1057 3466; x_wconf 82' lang='lat' dir='ltr'>slve</span> <span class='ocrx_word' id='word_1_237' title='bbox 1080 3395 1192 3471; x_wconf 85' lang='lat' dir='ltr'>adhuc</span> <span class='ocrx_word' id='word_1_238' title='bbox 1210 3408 1384 3482; x_wconf 72' lang='lat' dir='ltr'>creandus-</span> 
     </span>
     <span class='ocr_line' id='line_1_30' title="bbox 165 3488 1378 3598; baseline -0.001 -28"><span class='ocrx_word' id='word_1_239' title='bbox 165 3496 227 3582; x_wconf 84' lang='lat' dir='ltr'>lit,</span> <span class='ocrx_word' id='word_1_240' title='bbox 249 3497 294 3568; x_wconf 92' lang='lat' dir='ltr'>de</span> <span class='ocrx_word' id='word_1_241' title='bbox 322 3517 392 3590; x_wconf 90' lang='lat' dir='ltr'>qun</span> <span class='ocrx_word' id='word_1_242' title='bbox 418 3492 639 3583; x_wconf 86' lang='lat' dir='ltr'>dissentiunt,</span> <span class='ocrx_word' id='word_1_243' title='bbox 664 3490 854 3588; x_wconf 86' lang='lat' dir='ltr'>descriptio</span> <span class='ocrx_word' id='word_1_244' title='bbox 876 3488 928 3564; x_wconf 89' lang='lat' dir='ltr'>est</span> <span class='ocrx_word' id='word_1_245' title='bbox 952 3510 1027 3563; x_wconf 87' lang='lat' dir='ltr'>tota</span> <span class='ocrx_word' id='word_1_246' title='bbox 1052 3493 1221 3585; x_wconf 85' lang='lat' dir='ltr'>carnalis,</span> <span class='ocrx_word' id='word_1_247' title='bbox 1253 3516 1291 3571; x_wconf 92' lang='lat' dir='ltr'>et</span> <span class='ocrx_word' id='word_1_248' title='bbox 1318 3526 1378 3598; x_wconf 74' lang='lat' dir='ltr'>pa.</span> 
     </span>
     <span class='ocr_line' id='line_1_31' title="bbox 163 3584 1384 3685; baseline -0.005 -20"><span class='ocrx_word' id='word_1_249' title='bbox 163 3591 301 3665; x_wconf 76' lang='lat' dir='ltr'>ndum.</span> <span class='ocrx_word' id='word_1_250' title='bbox 355 3591 468 3664; x_wconf 91' lang='lat' dir='ltr'>Ponte</span> <span class='ocrx_word' id='word_1_251' title='bbox 491 3589 550 3662; x_wconf 91' lang='lat' dir='ltr'>illo</span> <span class='ocrx_word' id='word_1_252' title='bbox 577 3590 761 3685; x_wconf 89' lang='lat' dir='ltr'>superato,</span> <span class='ocrx_word' id='word_1_253' title='bbox 801 3607 984 3683; x_wconf 88' lang='lat' dir='ltr'>antequam</span> <span class='ocrx_word' id='word_1_254' title='bbox 1011 3584 1155 3659; x_wconf 86' lang='lat' dir='ltr'>ineunt</span> <span class='ocrx_word' id='word_1_255' title='bbox 1182 3590 1384 3685; x_wconf 75' lang='lat' dir='ltr'>ingredian.</span> 
     </span>
     <span class='ocr_line' id='line_1_32' title="bbox 161 3680 1382 3781; baseline 0.006 -20"><span class='ocrx_word' id='word_1_256' title='bbox 161 3708 238 3777; x_wconf 81' lang='lat' dir='ltr'>ctat,</span> <span class='ocrx_word' id='word_1_257' title='bbox 264 3709 314 3760; x_wconf 83' lang='lat' dir='ltr'>ex</span> <span class='ocrx_word' id='word_1_258' title='bbox 339 3684 470 3781; x_wconf 88' lang='lat' dir='ltr'>piscina</span> <span class='ocrx_word' id='word_1_259' title='bbox 492 3683 755 3759; x_wconf 83' lang='lat' dir='ltr'>Muhammedis</span> <span class='ocrx_word' id='word_1_260' title='bbox 778 3683 923 3771; x_wconf 89' lang='lat' dir='ltr'>bibunt,</span> <span class='ocrx_word' id='word_1_261' title='bbox 964 3680 1062 3775; x_wconf 85' lang='lat' dir='ltr'>cujus</span> <span class='ocrx_word' id='word_1_262' title='bbox 1089 3705 1176 3779; x_wconf 87' lang='lat' dir='ltr'>aqua</span> <span class='ocrx_word' id='word_1_263' title='bbox 1200 3686 1252 3761; x_wconf 92' lang='lat' dir='ltr'>est</span> <span class='ocrx_word' id='word_1_264' title='bbox 1275 3696 1382 3769; x_wconf 81' lang='lat' dir='ltr'>melle</span> 
     </span>
     <span class='ocr_line' id='line_1_33' title="bbox 158 3773 1378 3881; baseline -0.006 -25"><span class='ocrx_word' id='word_1_265' title='bbox 158 3782 313 3872; x_wconf 88' lang='lat' dir='ltr'>dulcior,</span> <span class='ocrx_word' id='word_1_266' title='bbox 343 3799 381 3854; x_wconf 90' lang='lat' dir='ltr'>et</span> <span class='ocrx_word' id='word_1_267' title='bbox 405 3780 490 3854; x_wconf 90' lang='lat' dir='ltr'>nive</span> <span class='ocrx_word' id='word_1_268' title='bbox 505 3779 709 3869; x_wconf 83' lang='lat' dir='ltr'>candidior3</span> <span class='ocrx_word' id='word_1_269' title='bbox 732 3777 824 3873; x_wconf 92' lang='lat' dir='ltr'>quod</span> <span class='ocrx_word' id='word_1_270' title='bbox 843 3773 1039 3850; x_wconf 89' lang='lat' dir='ltr'>Gentilium</span> <span class='ocrx_word' id='word_1_271' title='bbox 1071 3777 1208 3854; x_wconf 80' lang='lat' dir='ltr'>nettari</span> <span class='ocrx_word' id='word_1_272' title='bbox 1236 3786 1378 3881; x_wconf 83' lang='lat' dir='ltr'>respon.</span> 
     </span>
     <span class='ocr_line' id='line_1_34' title="bbox 156 3871 1384 3973; baseline 0 -19"><span class='ocrx_word' id='word_1_273' title='bbox 156 3880 243 3968; x_wconf 82' lang='lat' dir='ltr'>det3</span> <span class='ocrx_word' id='word_1_274' title='bbox 282 3901 332 3951; x_wconf 82' lang='lat' dir='ltr'>ex</span> <span class='ocrx_word' id='word_1_275' title='bbox 361 3901 427 3973; x_wconf 87' lang='lat' dir='ltr'>qua</span> <span class='ocrx_word' id='word_1_276' title='bbox 457 3874 592 3970; x_wconf 88' lang='lat' dir='ltr'>piscina</span> <span class='ocrx_word' id='word_1_277' title='bbox 624 3876 682 3971; x_wconf 91' lang='lat' dir='ltr'>qui</span> <span class='ocrx_word' id='word_1_278' title='bbox 716 3873 820 3947; x_wconf 87' lang='lat' dir='ltr'>semel</span> <span class='ocrx_word' id='word_1_279' title='bbox 852 3871 1004 3963; x_wconf 89' lang='lat' dir='ltr'>biberit,</span> <span class='ocrx_word' id='word_1_280' title='bbox 1044 3871 1078 3945; x_wconf 93' lang='lat' dir='ltr'>in</span> <span class='ocrx_word' id='word_1_281' title='bbox 1103 3895 1281 3952; x_wconf 89' lang='lat' dir='ltr'>aeternum</span> <span class='ocrx_word' id='word_1_282' title='bbox 1308 3905 1384 3955; x_wconf 87' lang='lat' dir='ltr'>non-</span> 
     </span>
     <span class='ocr_line' id='line_1_35' title="bbox 154 3968 1384 4065; baseline -0.003 -16"><span class='ocrx_word' id='word_1_283' title='bbox 154 3974 265 4049; x_wconf 85' lang='lat' dir='ltr'>litiet.</span> <span class='ocrx_word' id='word_1_284' title='bbox 319 3974 432 4046; x_wconf 89' lang='lat' dir='ltr'>Erunt</span> <span class='ocrx_word' id='word_1_285' title='bbox 468 3988 586 4043; x_wconf 84' lang='lat' dir='ltr'>autern</span> <span class='ocrx_word' id='word_1_286' title='bbox 617 3972 653 4044; x_wconf 90' lang='lat' dir='ltr'>in</span> <span class='ocrx_word' id='word_1_287' title='bbox 677 3968 837 4044; x_wconf 84' lang='lat' dir='ltr'>Paradiso</span> <span class='ocrx_word' id='word_1_288' title='bbox 867 3969 988 4043; x_wconf 84' lang='lat' dir='ltr'>omnia</span> <span class='ocrx_word' id='word_1_289' title='bbox 1021 3968 1193 4065; x_wconf 87' lang='lat' dir='ltr'>pretiosa,</span> <span class='ocrx_word' id='word_1_290' title='bbox 1234 3997 1317 4045; x_wconf 92' lang='lat' dir='ltr'>auro</span> <span class='ocrx_word' id='word_1_291' title='bbox 1342 3997 1384 4051; x_wconf 85' lang='lat' dir='ltr'>er</span> 
     </span>
     <span class='ocr_line' id='line_1_36' title="bbox 153 4062 1384 4235; baseline -0.007 -86"><span class='ocrx_word' id='word_1_292' title='bbox 153 4067 358 4170; x_wconf 74' lang='lat' dir='ltr'>margaritis</span> <span class='ocrx_word' id='word_1_293' title='bbox 381 4063 575 4164; x_wconf 88' lang='lat' dir='ltr'>fulgentia,</span> <span class='ocrx_word' id='word_1_294' title='bbox 615 4088 719 4153; x_wconf 81' lang='lat' dir='ltr'>omne</span> <span class='ocrx_word' id='word_1_295' title='bbox 769 4088 857 4157; x_wconf 78' lang='lat' dir='ltr'>enus</span> <span class='ocrx_word' id='word_1_296' title='bbox 883 4062 1059 4158; x_wconf 82' lang='lat' dir='ltr'>deliciae,</span> <span class='ocrx_word' id='word_1_297' title='bbox 1094 4063 1253 4141; x_wconf 80' lang='lat' dir='ltr'>inmensa</span> <span class='ocrx_word' id='word_1_298' title='bbox 1279 4073 1384 4235; x_wconf 54' lang='lat' dir='ltr'>{opio</span> 
     </span>
    </p>

    <p class='ocr_par' dir='ltr' id='par_1_4' title="bbox 638 4174 1393 4265">
     <span class='ocr_line' id='line_1_37' title="bbox 638 4174 1393 4265; baseline 0.005 -33"><span class='ocrx_word' id='word_1_299' title='bbox 638 4174 643 4179; x_wconf 87' lang='lat'>&#39;</span> <span class='ocrx_word' id='word_1_300' title='bbox 795 4183 818 4255; x_wconf 77' lang='lat'>3</span> <span class='ocrx_word' id='word_1_301' title='bbox 1244 4178 1280 4232; x_wconf 76' lang='lat' dir='ltr'>at</span> <span class='ocrx_word' id='word_1_302' title='bbox 1308 4182 1393 4265; x_wconf 57' lang='lat' dir='ltr'>oren¹</span> 
     </span>
    </p>
   </div>
   <div class='ocr_carea' id='block_1_3' title="bbox 0 0 1556 4814">
    <p class='ocr_par' dir='ltr' id='par_1_5' title="bbox 0 0 1556 4814">
     <span class='ocr_line' id='line_1_38' title="bbox 0 0 1556 4814; baseline 0 9"><span class='ocrx_word' id='word_1_303' title='bbox 0 0 1556 4814; x_wconf 95' lang='lat' dir='ltr'> </span> 
     </span>
    </p>
   </div>
  </div>
 </body>
</html>
