<?xml version="1.0" encoding="UTF-8"?>
<!DOCTYPE html PUBLIC "-//W3C//DTD XHTML 1.0 Transitional//EN"
    "http://www.w3.org/TR/xhtml1/DTD/xhtml1-transitional.dtd">
<html xmlns="http://www.w3.org/1999/xhtml" xml:lang="en" lang="en">
 <head>
  <title>
</title>
<meta http-equiv="Content-Type" content="text/html;charset=utf-8" />
  <meta name='ocr-system' content='tesseract 3.04.00' />
  <meta name='ocr-capabilities' content='ocr_page ocr_carea ocr_par ocr_line ocrx_word'/>
</head>
<body>
  <div class='ocr_page' id='page_1' title='image "./hermannivenemai03venegoog_0057.png"; bbox 0 0 3104 4814; ppageno 0'>
   <div class='ocr_carea' id='block_1_1' title="bbox 5 531 1007 653">
    <p class='ocr_par' dir='ltr' id='par_1_1' title="bbox 5 531 1007 653">
     <span class='ocr_line' id='line_1_1' title="bbox 5 531 1007 653; baseline 0.015 -53"><span class='ocrx_word' id='word_1_1' title='bbox 5 585 20 600; x_wconf 71' lang='grc'>,</span> <span class='ocrx_word' id='word_1_2' title='bbox 160 542 223 653; x_wconf 63' lang='lat'>49,</span> <span class='ocrx_word' id='word_1_3' title='bbox 561 531 1007 639; x_wconf 57' lang='lat' dir='ltr'>manutere-nant.</span> 
     </span>
    </p>
   </div>
   <div class='ocr_carea' id='block_1_2' title="bbox 70 707 1412 2433">
    <p class='ocr_par' dir='ltr' id='par_1_2' title="bbox 70 707 1412 2126">
     <span class='ocr_line' id='line_1_2' title="bbox 179 707 1412 819; baseline -0.007 -27"><span class='ocrx_word' id='word_1_4' title='bbox 179 715 332 804; x_wconf 81' lang='lat' dir='ltr'>dicitur,</span> <span class='ocrx_word' id='word_1_5' title='bbox 367 710 469 806; x_wconf 85' lang='lat' dir='ltr'>cujus</span> <span class='ocrx_word' id='word_1_6' title='bbox 499 707 672 819; x_wconf 72' lang='lat' dir='ltr'>bnistrum</span> <span class='ocrx_word' id='word_1_7' title='bbox 710 711 796 791; x_wconf 87' lang='lat' dir='ltr'>latus</span> <span class='ocrx_word' id='word_1_8' title='bbox 821 711 1015 789; x_wconf 87' lang='lat' dir='ltr'>clauserunt</span> <span class='ocrx_word' id='word_1_9' title='bbox 1036 710 1163 812; x_wconf 80' lang='lat' dir='ltr'>Legati</span> <span class='ocrx_word' id='word_1_10' title='bbox 1199 713 1330 809; x_wconf 79' lang='lat' dir='ltr'>Papae,</span> <span class='ocrx_word' id='word_1_11' title='bbox 1369 721 1412 783; x_wconf 85' lang='lat' dir='ltr'>et</span> 
     </span>
     <span class='ocr_line' id='line_1_3' title="bbox 180 806 1406 911; baseline -0.002 -23"><span class='ocrx_word' id='word_1_12' title='bbox 180 812 347 911; x_wconf 74' lang='lat' dir='ltr'>dextrum</span> <span class='ocrx_word' id='word_1_13' title='bbox 374 810 549 901; x_wconf 85' lang='lat' dir='ltr'>Georgrus</span> <span class='ocrx_word' id='word_1_14' title='bbox 571 808 790 902; x_wconf 86' lang='lat' dir='ltr'>CPoiitanus,</span> <span class='ocrx_word' id='word_1_15' title='bbox 823 832 875 884; x_wconf 81' lang='lat' dir='ltr'>ac</span> <span class='ocrx_word' id='word_1_16' title='bbox 898 809 1023 908; x_wconf 81' lang='lat' dir='ltr'>reliqui</span> <span class='ocrx_word' id='word_1_17' title='bbox 1057 808 1282 884; x_wconf 88' lang='lat' dir='ltr'>Patriarcbae.</span> <span class='ocrx_word' id='word_1_18' title='bbox 1334 806 1406 885; x_wconf 61' lang='lat' dir='ltr'>Le!</span> 
     </span>
     <span class='ocr_line' id='line_1_4' title="bbox 100 900 1408 1008; baseline -0.01 -24"><span class='ocrx_word' id='word_1_19' title='bbox 100 928 109 939; x_wconf 84' lang='grc'><strong>’</strong></span> <span class='ocrx_word' id='word_1_20' title='bbox 179 912 272 1008; x_wconf 60' lang='lat' dir='ltr'>&#39;gatis</span> <span class='ocrx_word' id='word_1_21' title='bbox 295 923 413 991; x_wconf 76' lang='lat' dir='ltr'>autern</span> <span class='ocrx_word' id='word_1_22' title='bbox 441 902 479 976; x_wconf 91' lang='lat' dir='ltr'>id</span> <span class='ocrx_word' id='word_1_23' title='bbox 502 904 645 976; x_wconf 84' lang='lat' dir='ltr'>honoris</span> <span class='ocrx_word' id='word_1_24' title='bbox 665 905 785 989; x_wconf 84' lang='lat' dir='ltr'>darum</span> <span class='ocrx_word' id='word_1_25' title='bbox 815 902 887 992; x_wconf 89' lang='lat' dir='ltr'>est,</span> <span class='ocrx_word' id='word_1_26' title='bbox 920 926 960 981; x_wconf 91' lang='lat' dir='ltr'>ut</span> <span class='ocrx_word' id='word_1_27' title='bbox 985 905 1091 1002; x_wconf 87' lang='lat' dir='ltr'>primi</span> <span class='ocrx_word' id='word_1_28' title='bbox 1118 900 1408 999; x_wconf 85' lang='lat' dir='ltr'>subscripserint,</span> 
     </span>
     <span class='ocr_line' id='line_1_5' title="bbox 210 996 1408 1099; baseline -0.008 -21"><span class='ocrx_word' id='word_1_29' title='bbox 210 1026 251 1078; x_wconf 92' lang='lat' dir='ltr'>ro</span> <span class='ocrx_word' id='word_1_30' title='bbox 274 1001 398 1085; x_wconf 86' lang='lat' dir='ltr'>ordine</span> <span class='ocrx_word' id='word_1_31' title='bbox 424 996 516 1076; x_wconf 92' lang='lat' dir='ltr'>inter</span> <span class='ocrx_word' id='word_1_32' title='bbox 531 999 743 1074; x_wconf 86' lang='lat' dir='ltr'>Patriarchas</span> <span class='ocrx_word' id='word_1_33' title='bbox 761 1016 915 1096; x_wconf 84' lang='lat' dir='ltr'>recepto.</span> <span class='ocrx_word' id='word_1_34' title='bbox 967 1003 1152 1099; x_wconf 73' lang='lat' dir='ltr'>inperator</span> <span class='ocrx_word' id='word_1_35' title='bbox 1166 1020 1283 1073; x_wconf 90' lang='lat' dir='ltr'>autem</span> <span class='ocrx_word' id='word_1_36' title='bbox 1304 1017 1408 1092; x_wconf 88' lang='lat' dir='ltr'>prae·</span> 
     </span>
     <span class='ocr_line' id='line_1_6' title="bbox 149 1095 1410 1193; baseline -0.01 -18"><span class='ocrx_word' id='word_1_37' title='bbox 149 1132 168 1193; x_wconf 57' lang='grc' dir='ltr'><em>ὴ</em></span> <span class='ocrx_word' id='word_1_38' title='bbox 201 1097 288 1187; x_wconf 90' lang='lat' dir='ltr'>edit,</span> <span class='ocrx_word' id='word_1_39' title='bbox 301 1115 466 1191; x_wconf 85' lang='lat' dir='ltr'>tanquam</span> <span class='ocrx_word' id='word_1_40' title='bbox 485 1095 660 1188; x_wconf 84' lang='lat' dir='ltr'>supremus</span> <span class='ocrx_word' id='word_1_41' title='bbox 674 1096 889 1183; x_wconf 80' lang='lat' dir='ltr'>moderator,</span> <span class='ocrx_word' id='word_1_42' title='bbox 915 1097 1230 1170; x_wconf 88' lang='lat' dir='ltr'>Patriarchaevero</span> <span class='ocrx_word' id='word_1_43' title='bbox 1245 1108 1410 1188; x_wconf 77' lang='lat' dir='ltr'>tanquam</span> 
     </span>
     <span class='ocr_line' id='line_1_7' title="bbox 185 1183 1409 1295; baseline -0.008 -26"><span class='ocrx_word' id='word_1_44' title='bbox 185 1193 294 1295; x_wconf 85' lang='lat' dir='ltr'>primi</span> <span class='ocrx_word' id='word_1_45' title='bbox 321 1186 549 1263; x_wconf 85' lang='lat' dir='ltr'>Ecciefiastici</span> <span class='ocrx_word' id='word_1_46' title='bbox 578 1190 824 1265; x_wconf 79' lang='lat' dir='ltr'><strong>moderatores.</strong></span> <span class='ocrx_word' id='word_1_47' title='bbox 874 1189 927 1262; x_wconf 81' lang='lat' dir='ltr'>Ex</span> <span class='ocrx_word' id='word_1_48' title='bbox 953 1214 1024 1287; x_wconf 90' lang='lat' dir='ltr'>quo</span> <span class='ocrx_word' id='word_1_49' title='bbox 1046 1190 1150 1265; x_wconf 80' lang='lat' dir='ltr'>facile</span> <span class='ocrx_word' id='word_1_50' title='bbox 1175 1207 1291 1284; x_wconf 89' lang='lat' dir='ltr'>patet,</span> <span class='ocrx_word' id='word_1_51' title='bbox 1332 1183 1409 1260; x_wconf 85' lang='lat' dir='ltr'>dici</span> 
     </span>
     <span class='ocr_line' id='line_1_8' title="bbox 186 1280 1412 1390; baseline -0.002 -28"><span class='ocrx_word' id='word_1_52' title='bbox 186 1287 285 1390; x_wconf 84' lang='lat' dir='ltr'>pnffe</span> <span class='ocrx_word' id='word_1_53' title='bbox 311 1284 349 1360; x_wconf 91' lang='lat' dir='ltr'>in</span> <span class='ocrx_word' id='word_1_54' title='bbox 379 1280 518 1357; x_wconf 91' lang='lat' dir='ltr'>Diurno</span> <span class='ocrx_word' id='word_1_55' title='bbox 549 1286 734 1374; x_wconf 89' lang='lat' dir='ltr'>Romano,</span> <span class='ocrx_word' id='word_1_56' title='bbox 764 1281 971 1380; x_wconf 85' lang='lat' dir='ltr'>praesediffe</span> <span class='ocrx_word' id='word_1_57' title='bbox 997 1286 1314 1384; x_wconf 78' lang='lat' dir='ltr'>Agathonemiper</span> <span class='ocrx_word' id='word_1_58' title='bbox 1338 1283 1412 1359; x_wconf 83' lang='lat' dir='ltr'>Le·</span> 
     </span>
     <span class='ocr_line' id='line_1_9' title="bbox 185 1377 1410 1485; baseline -0.007 -26"><span class='ocrx_word' id='word_1_59' title='bbox 185 1406 308 1485; x_wconf 69' lang='lat' dir='ltr'>gatos,</span> <span class='ocrx_word' id='word_1_60' title='bbox 339 1397 376 1452; x_wconf 91' lang='lat' dir='ltr'>et</span> <span class='ocrx_word' id='word_1_61' title='bbox 397 1377 488 1476; x_wconf 90' lang='lat' dir='ltr'>apud</span> <span class='ocrx_word' id='word_1_62' title='bbox 510 1378 592 1454; x_wconf 85' lang='lat' dir='ltr'>aiios</span> <span class='ocrx_word' id='word_1_63' title='bbox 616 1378 802 1455; x_wconf 87' lang='lat' dir='ltr'>historicos</span> <span class='ocrx_word' id='word_1_64' title='bbox 833 1378 1027 1475; x_wconf 75' lang='lat' dir='ltr'>Georgium</span> <span class='ocrx_word' id='word_1_65' title='bbox 1052 1381 1178 1469; x_wconf 71' lang='lat' dir='ltr'>cnon,</span> <span class='ocrx_word' id='word_1_66' title='bbox 1217 1401 1258 1452; x_wconf 88' lang='lat' dir='ltr'>ac</span> <span class='ocrx_word' id='word_1_67' title='bbox 1281 1379 1410 1452; x_wconf 82' lang='lat' dir='ltr'>Maca·</span> 
     </span>
     <span class='ocr_line' id='line_1_10' title="bbox 207 1473 1410 1572; baseline -0.002 -20"><span class='ocrx_word' id='word_1_68' title='bbox 207 1480 277 1554; x_wconf 86' lang='lat' dir='ltr'>’una</span> <span class='ocrx_word' id='word_1_69' title='bbox 304 1473 591 1564; x_wconf 83' lang='lat' dir='ltr'>Antiochenum3</span> <span class='ocrx_word' id='word_1_70' title='bbox 660 1494 834 1563; x_wconf 87' lang='lat' dir='ltr'>raeterea,</span> <span class='ocrx_word' id='word_1_71' title='bbox 866 1492 1000 1570; x_wconf 90' lang='lat' dir='ltr'>praeter</span> <span class='ocrx_word' id='word_1_72' title='bbox 1014 1476 1274 1572; x_wconf 82' lang='lat' dir='ltr'>inperatorem,</span> <span class='ocrx_word' id='word_1_73' title='bbox 1311 1473 1410 1549; x_wconf 81' lang='lat' dir='ltr'>idem</span> 
     </span>
     <span class='ocr_line' id='line_1_11' title="bbox 204 1498 1411 1677; baseline -0.008 -26"><span class='ocrx_word' id='word_1_74' title='bbox 204 1574 289 1651; x_wconf 84' lang='lat' dir='ltr'>uiffe</span> <span class='ocrx_word' id='word_1_75' title='bbox 314 1569 523 1644; x_wconf 86' lang='lat' dir='ltr'>Patriarchis</span> <span class='ocrx_word' id='word_1_76' title='bbox 544 1498 785 1677; x_wconf 67' lang='lat' dir='ltr'>priviiegium,</span> <span class='ocrx_word' id='word_1_77' title='bbox 811 1570 946 1645; x_wconf 85' lang='lat' dir='ltr'>honore</span> <span class='ocrx_word' id='word_1_78' title='bbox 972 1591 1107 1645; x_wconf 83' lang='lat' dir='ltr'>tautum</span> <span class='ocrx_word' id='word_1_79' title='bbox 1132 1590 1171 1645; x_wconf 91' lang='lat' dir='ltr'>et</span> <span class='ocrx_word' id='word_1_80' title='bbox 1194 1569 1317 1644; x_wconf 86' lang='lat' dir='ltr'>ordine</span> <span class='ocrx_word' id='word_1_81' title='bbox 1332 1568 1411 1642; x_wconf 83' lang='lat' dir='ltr'>Fri·</span> 
     </span>
     <span class='ocr_line' id='line_1_12' title="bbox 70 1663 1409 1762; baseline -0.009 -13"><span class='ocrx_word' id='word_1_82' title='bbox 70 1745 72 1749; x_wconf 86' lang='lat'>.</span> <span class='ocrx_word' id='word_1_83' title='bbox 187 1695 284 1748; x_wconf 84' lang='lat' dir='ltr'>auum</span> <span class='ocrx_word' id='word_1_84' title='bbox 310 1664 411 1741; x_wconf 80' lang='lat' dir='ltr'>fuine</span> <span class='ocrx_word' id='word_1_85' title='bbox 434 1668 584 1762; x_wconf 82' lang='lat' dir='ltr'><strong>Papam,</strong></span> <span class='ocrx_word' id='word_1_86' title='bbox 623 1689 682 1741; x_wconf 87' lang='lat' dir='ltr'>cur</span> <span class='ocrx_word' id='word_1_87' title='bbox 705 1664 838 1740; x_wconf 77' lang='lat' dir='ltr'>sinister</span> <span class='ocrx_word' id='word_1_88' title='bbox 863 1667 961 1741; x_wconf 87' lang='lat' dir='ltr'>iocus</span> <span class='ocrx_word' id='word_1_89' title='bbox 991 1666 1034 1740; x_wconf 90' lang='lat' dir='ltr'>ad</span> <span class='ocrx_word' id='word_1_90' title='bbox 1066 1668 1154 1740; x_wconf 88' lang='lat' dir='ltr'>latus</span> <span class='ocrx_word' id='word_1_91' title='bbox 1187 1663 1409 1760; x_wconf 83' lang='lat' dir='ltr'>inperatoris</span> 
     </span>
     <span class='ocr_line' id='line_1_13' title="bbox 186 1759 1411 1858; baseline -0.007 -17"><span class='ocrx_word' id='word_1_92' title='bbox 186 1789 261 1847; x_wconf 84' lang='lat' dir='ltr'>nou</span> <span class='ocrx_word' id='word_1_93' title='bbox 285 1760 404 1852; x_wconf 89' lang='lat' dir='ltr'>obest,</span> <span class='ocrx_word' id='word_1_94' title='bbox 445 1764 576 1858; x_wconf 90' lang='lat' dir='ltr'>quippe</span> <span class='ocrx_word' id='word_1_95' title='bbox 602 1762 996 1856; x_wconf 77' lang='lat' dir='ltr'>subindehonoratior,</span> <span class='ocrx_word' id='word_1_96' title='bbox 1039 1780 1077 1835; x_wconf 89' lang='lat' dir='ltr'>ut</span> <span class='ocrx_word' id='word_1_97' title='bbox 1101 1782 1147 1833; x_wconf 84' lang='lat' dir='ltr'>ex</span> <span class='ocrx_word' id='word_1_98' title='bbox 1169 1759 1313 1856; x_wconf 85' lang='lat' dir='ltr'>Synodo</span> <span class='ocrx_word' id='word_1_99' title='bbox 1334 1759 1411 1833; x_wconf 87' lang='lat' dir='ltr'>Ni·</span> 
     </span>
     <span class='ocr_line' id='line_1_14' title="bbox 187 1854 1411 1952; baseline -0.005 -17"><span class='ocrx_word' id='word_1_100' title='bbox 187 1883 297 1941; x_wconf 80' lang='lat' dir='ltr'>caena</span> <span class='ocrx_word' id='word_1_101' title='bbox 315 1861 366 1948; x_wconf 90' lang='lat'>1.‚</span> <span class='ocrx_word' id='word_1_102' title='bbox 397 1855 559 1952; x_wconf 88' lang='lat' dir='ltr'>aliisque,</span> <span class='ocrx_word' id='word_1_103' title='bbox 579 1854 725 1931; x_wconf 85' lang='lat' dir='ltr'>constat.</span> <span class='ocrx_word' id='word_1_104' title='bbox 778 1856 1008 1952; x_wconf 88' lang='lat' dir='ltr'>Reliquorum</span> <span class='ocrx_word' id='word_1_105' title='bbox 1032 1858 1267 1930; x_wconf 90' lang='lat' dir='ltr'>membrorum</span> <span class='ocrx_word' id='word_1_106' title='bbox 1279 1876 1411 1929; x_wconf 86' lang='lat' dir='ltr'>nume·</span> 
     </span>
     <span class='ocr_line' id='line_1_15' title="bbox 187 1948 1410 2126; baseline 0.001 -99"><span class='ocrx_word' id='word_1_107' title='bbox 187 1980 267 2126; x_wconf 69' lang='lat' dir='ltr'>1an</span> <span class='ocrx_word' id='word_1_108' title='bbox 271 1975 345 2064; x_wconf 79' lang='lat' dir='ltr'>non</span> <span class='ocrx_word' id='word_1_109' title='bbox 375 1951 471 2026; x_wconf 88' lang='lat' dir='ltr'>idem</span> <span class='ocrx_word' id='word_1_110' title='bbox 500 1948 625 2042; x_wconf 90' lang='lat' dir='ltr'>initur,</span> <span class='ocrx_word' id='word_1_111' title='bbox 651 1952 759 2048; x_wconf 86' lang='lat' dir='ltr'>vulgo</span> <span class='ocrx_word' id='word_1_112' title='bbox 789 1974 879 2027; x_wconf 89' lang='lat' dir='ltr'>vero</span> <span class='ocrx_word' id='word_1_113' title='bbox 913 1959 983 2043; x_wconf 86' lang='lat'>289</span> <span class='ocrx_word' id='word_1_114' title='bbox 1013 1951 1209 2049; x_wconf 85' lang='lat' dir='ltr'>Episcopus</span> <span class='ocrx_word' id='word_1_115' title='bbox 1240 1949 1410 2041; x_wconf 74' lang='lat' dir='ltr'>adsurde,</span> 
     </span>
    </p>

    <p class='ocr_par' dir='ltr' id='par_1_3' title="bbox 188 2056 1412 2433">
     <span class='ocr_line' id='line_1_16' title="bbox 188 2056 1371 2131; baseline -0.005 -9"><span class='ocrx_word' id='word_1_116' title='bbox 188 2068 225 2131; x_wconf 84' lang='lat' dir='ltr'>tr</span> <span class='ocrx_word' id='word_1_117' title='bbox 270 2067 352 2122; x_wconf 89' lang='lat' dir='ltr'>rtur.</span> <span class='ocrx_word' id='word_1_118' title='bbox 1186 2056 1207 2087; x_wconf 77' lang='lat'><strong><em>⁶</em></strong></span> <span class='ocrx_word' id='word_1_119' title='bbox 1369 2076 1371 2080; x_wconf 46' lang='lat'><em>⁴</em></span> 
     </span>
     <span class='ocr_line' id='line_1_17' title="bbox 235 2137 1411 2243; baseline -0.001 -28"><span class='ocrx_word' id='word_1_120' title='bbox 235 2144 269 2243; x_wconf 65' lang='lat' dir='ltr'>d.</span> <span class='ocrx_word' id='word_1_121' title='bbox 294 2142 370 2215; x_wconf 86' lang='lat' dir='ltr'>XL.</span> <span class='ocrx_word' id='word_1_122' title='bbox 416 2137 547 2214; x_wconf 79' lang='lat' dir='ltr'>Tribus</span> <span class='ocrx_word' id='word_1_123' title='bbox 578 2139 948 2236; x_wconf 81' lang='lat' dir='ltr'>primisseffionibus,</span> <span class='ocrx_word' id='word_1_124' title='bbox 989 2161 1029 2216; x_wconf 92' lang='lat' dir='ltr'>ut</span> <span class='ocrx_word' id='word_1_125' title='bbox 1062 2138 1194 2236; x_wconf 88' lang='lat' dir='ltr'>Synodi</span> <span class='ocrx_word' id='word_1_126' title='bbox 1228 2137 1411 2232; x_wconf 74' lang='lat' dir='ltr'>adiones,</span> 
     </span>
     <span class='ocr_line' id='line_1_18' title="bbox 239 2234 1412 2329; baseline 0.001 -17"><span class='ocrx_word' id='word_1_127' title='bbox 239 2260 281 2313; x_wconf 88' lang='lat' dir='ltr'>ae</span> <span class='ocrx_word' id='word_1_128' title='bbox 303 2234 503 2310; x_wconf 71' lang='lat' dir='ltr'>odtodecim</span> <span class='ocrx_word' id='word_1_129' title='bbox 528 2235 690 2326; x_wconf 87' lang='lat' dir='ltr'>fuerunt,</span> <span class='ocrx_word' id='word_1_130' title='bbox 721 2259 899 2327; x_wconf 81' lang='lat' dir='ltr'>enarrem,</span> <span class='ocrx_word' id='word_1_131' title='bbox 934 2240 1023 2311; x_wconf 76' lang='lat' dir='ltr'>ledia</span> <span class='ocrx_word' id='word_1_132' title='bbox 1049 2235 1126 2308; x_wconf 90' lang='lat' dir='ltr'>sunt</span> <span class='ocrx_word' id='word_1_133' title='bbox 1152 2254 1188 2306; x_wconf 89' lang='lat' dir='ltr'>et</span> <span class='ocrx_word' id='word_1_134' title='bbox 1222 2238 1412 2329; x_wconf 84' lang='lat' dir='ltr'>adprobata</span> 
     </span>
     <span class='ocr_line' id='line_1_19' title="bbox 218 2329 1408 2433; baseline -0.006 -24"><span class='ocrx_word' id='word_1_135' title='bbox 218 2331 414 2433; x_wconf 71' lang='lat' dir='ltr'>pnodornm</span> <span class='ocrx_word' id='word_1_136' title='bbox 446 2333 779 2421; x_wconf 83' lang='lat' dir='ltr'>Oeeumenicarum,</span> <span class='ocrx_word' id='word_1_137' title='bbox 820 2330 1046 2430; x_wconf 84' lang='lat' dir='ltr'>Ephesrnae,</span> <span class='ocrx_word' id='word_1_138' title='bbox 1087 2329 1408 2420; x_wconf 81' lang='lat' dir='ltr'>Chalcedonensis,</span> 
     </span>
    </p>
   </div>
   <div class='ocr_carea' id='block_1_3' title="bbox 65 2422 1479 2786">
    <p class='ocr_par' dir='ltr' id='par_1_4' title="bbox 65 2422 1479 2786">
     <span class='ocr_line' id='line_1_20' title="bbox 180 2422 1479 2538; baseline -0.004 -34"><span class='ocrx_word' id='word_1_139' title='bbox 180 2448 230 2519; x_wconf 76' lang='lat' dir='ltr'>et</span> <span class='ocrx_word' id='word_1_140' title='bbox 252 2444 411 2538; x_wconf 76' lang='lat' dir='ltr'>quintae,</span> <span class='ocrx_word' id='word_1_141' title='bbox 449 2423 545 2519; x_wconf 75' lang='lat' dir='ltr'>aeta,</span> <span class='ocrx_word' id='word_1_142' title='bbox 586 2447 624 2503; x_wconf 92' lang='lat' dir='ltr'>et</span> <span class='ocrx_word' id='word_1_143' title='bbox 649 2425 840 2537; x_wconf 62' lang='lat' dir='ltr'>poliremae</span> <span class='ocrx_word' id='word_1_144' title='bbox 863 2428 957 2516; x_wconf 75' lang='lat' dir='ltr'>aeta,</span> <span class='ocrx_word' id='word_1_145' title='bbox 981 2426 1199 2535; x_wconf 85' lang='lat' dir='ltr'>deprehensa</span> <span class='ocrx_word' id='word_1_146' title='bbox 1224 2425 1342 2499; x_wconf 73' lang='lat' dir='ltr'>falsata</span> <span class='ocrx_word' id='word_1_147' title='bbox 1362 2425 1403 2499; x_wconf 92' lang='lat' dir='ltr'>in</span> <span class='ocrx_word' id='word_1_148' title='bbox 1469 2422 1479 2443; x_wconf 83' lang='lat'>&#39;</span> 
     </span>
     <span class='ocr_line' id='line_1_21' title="bbox 65 2521 1407 2619; baseline -0.003 -21"><span class='ocrx_word' id='word_1_149' title='bbox 65 2549 72 2571; x_wconf 54' lang='lat' dir='ltr'>r</span> <span class='ocrx_word' id='word_1_150' title='bbox 159 2523 335 2611; x_wconf 72' lang='lat' dir='ltr'>·Litter1s</span> <span class='ocrx_word' id='word_1_151' title='bbox 358 2523 514 2596; x_wconf 88' lang='lat' dir='ltr'>Mennae</span> <span class='ocrx_word' id='word_1_152' title='bbox 540 2522 581 2596; x_wconf 91' lang='lat' dir='ltr'>ad</span> <span class='ocrx_word' id='word_1_153' title='bbox 607 2522 804 2619; x_wconf 86' lang='lat' dir='ltr'>Vrgrirum,</span> <span class='ocrx_word' id='word_1_154' title='bbox 829 2543 866 2596; x_wconf 87' lang='lat' dir='ltr'>et</span> <span class='ocrx_word' id='word_1_155' title='bbox 894 2524 992 2619; x_wconf 84' lang='lat' dir='ltr'>hujus</span> <span class='ocrx_word' id='word_1_156' title='bbox 1016 2522 1140 2594; x_wconf 80' lang='lat' dir='ltr'>libeliis</span> <span class='ocrx_word' id='word_1_157' title='bbox 1155 2522 1198 2594; x_wconf 88' lang='lat' dir='ltr'>ad</span> <span class='ocrx_word' id='word_1_158' title='bbox 1218 2521 1407 2617; x_wconf 87' lang='lat' dir='ltr'>inperato-</span> 
     </span>
     <span class='ocr_line' id='line_1_22' title="bbox 188 2612 1407 2786; baseline -0.004 -92"><span class='ocrx_word' id='word_1_159' title='bbox 188 2642 288 2709; x_wconf 80' lang='lat' dir='ltr'>rem,</span> <span class='ocrx_word' id='word_1_160' title='bbox 321 2613 418 2690; x_wconf 88' lang='lat' dir='ltr'>fimul</span> <span class='ocrx_word' id='word_1_161' title='bbox 441 2635 586 2786; x_wconf 44' lang='lat' dir='ltr'>purgata</span> <span class='ocrx_word' id='word_1_162' title='bbox 610 2616 697 2692; x_wconf 88' lang='lat' dir='ltr'>sunt.</span> <span class='ocrx_word' id='word_1_163' title='bbox 745 2617 975 2712; x_wconf 84' lang='lat' dir='ltr'>Sequenribus</span> <span class='ocrx_word' id='word_1_164' title='bbox 1002 2616 1199 2690; x_wconf 77' lang='lat' dir='ltr'>seiironibus</span> <span class='ocrx_word' id='word_1_165' title='bbox 1227 2638 1257 2690; x_wconf 92' lang='lat' dir='ltr'>r.</span> <span class='ocrx_word' id='word_1_166' title='bbox 1293 2612 1407 2690; x_wconf 67' lang='lat' dir='ltr'>ledae</span> 
     </span>
    </p>
   </div>
   <div class='ocr_carea' id='block_1_4' title="bbox 91 2708 1476 4131">
    <p class='ocr_par' dir='ltr' id='par_1_5' title="bbox 140 2708 1476 3281">
     <span class='ocr_line' id='line_1_23' title="bbox 191 2708 1410 2807; baseline -0.007 -14"><span class='ocrx_word' id='word_1_167' title='bbox 191 2715 272 2795; x_wconf 72' lang='lat' dir='ltr'>funt</span> <span class='ocrx_word' id='word_1_168' title='bbox 295 2708 470 2807; x_wconf 81' lang='lat' dir='ltr'>Epistulae</span> <span class='ocrx_word' id='word_1_169' title='bbox 537 2711 699 2807; x_wconf 82' lang='lat' dir='ltr'>gathonis</span> <span class='ocrx_word' id='word_1_170' title='bbox 732 2712 864 2806; x_wconf 81' lang='lat' dir='ltr'>Papae,</span> <span class='ocrx_word' id='word_1_171' title='bbox 906 2730 943 2786; x_wconf 90' lang='lat' dir='ltr'>et</span> <span class='ocrx_word' id='word_1_172' title='bbox 974 2710 1104 2806; x_wconf 85' lang='lat' dir='ltr'>Synodi</span> <span class='ocrx_word' id='word_1_173' title='bbox 1136 2712 1334 2801; x_wconf 83' lang='lat' dir='ltr'>Romanae,</span> <span class='ocrx_word' id='word_1_174' title='bbox 1370 2712 1410 2785; x_wconf 84' lang='lat' dir='ltr'>in</span> 
     </span>
     <span class='ocr_line' id='line_1_24' title="bbox 189 2805 1433 2911; baseline -0.006 -24"><span class='ocrx_word' id='word_1_175' title='bbox 189 2813 316 2911; x_wconf 69' lang='lat' dir='ltr'>mribus</span> <span class='ocrx_word' id='word_1_176' title='bbox 337 2808 420 2893; x_wconf 83' lang='lat' dir='ltr'>duae</span> <span class='ocrx_word' id='word_1_177' title='bbox 443 2809 639 2891; x_wconf 80' lang='lat' dir='ltr'>voluntates</span> <span class='ocrx_word' id='word_1_178' title='bbox 661 2825 696 2881; x_wconf 90' lang='lat' dir='ltr'>et</span> <span class='ocrx_word' id='word_1_179' title='bbox 718 2808 944 2902; x_wconf 85' lang='lat' dir='ltr'>operationes</span> <span class='ocrx_word' id='word_1_180' title='bbox 967 2805 1095 2880; x_wconf 87' lang='lat' dir='ltr'>Cnristi</span> <span class='ocrx_word' id='word_1_181' title='bbox 1119 2808 1234 2880; x_wconf 85' lang='lat' dir='ltr'>multis</span> <span class='ocrx_word' id='word_1_182' title='bbox 1250 2805 1433 2881; x_wconf 45' lang='lat' dir='ltr'>testimo*</span> 
     </span>
     <span class='ocr_line' id='line_1_25' title="bbox 189 2901 1476 2999; baseline -0.007 -19"><span class='ocrx_word' id='word_1_183' title='bbox 189 2901 402 2999; x_wconf 76' lang='lat' dir='ltr'>piisScripn</span> <span class='ocrx_word' id='word_1_184' title='bbox 427 2905 483 2989; x_wconf 88' lang='lat' dir='ltr'>S.,</span> <span class='ocrx_word' id='word_1_185' title='bbox 507 2922 545 2975; x_wconf 90' lang='lat' dir='ltr'>et</span> <span class='ocrx_word' id='word_1_186' title='bbox 562 2907 717 2992; x_wconf 85' lang='lat' dir='ltr'>Parrum,</span> <span class='ocrx_word' id='word_1_187' title='bbox 744 2901 1030 2978; x_wconf 89' lang='lat' dir='ltr'>demonstrantur.</span> <span class='ocrx_word' id='word_1_188' title='bbox 1082 2903 1188 2978; x_wconf 90' lang='lat' dir='ltr'>Unde</span> <span class='ocrx_word' id='word_1_189' title='bbox 1208 2923 1239 2977; x_wconf 82' lang='lat' dir='ltr'>a.</span> <span class='ocrx_word' id='word_1_190' title='bbox 1264 2902 1307 2976; x_wconf 88' lang='lat' dir='ltr'>ad</span> <span class='ocrx_word' id='word_1_191' title='bbox 1322 2901 1410 2974; x_wconf 93' lang='lat' dir='ltr'>duo·</span> <span class='ocrx_word' id='word_1_192' title='bbox 1472 2962 1476 2971; x_wconf 91' lang='grc'><em>,</em></span> 
     </span>
     <span class='ocr_line' id='line_1_26' title="bbox 140 2994 1413 3094; baseline 0 -22"><span class='ocrx_word' id='word_1_193' title='bbox 140 3030 141 3034; x_wconf 46' lang='grc'><strong>“</strong></span> <span class='ocrx_word' id='word_1_194' title='bbox 189 3021 285 3074; x_wconf 73' lang='lat' dir='ltr'>sum</span> <span class='ocrx_word' id='word_1_195' title='bbox 309 2997 476 3078; x_wconf 85' lang='lat' dir='ltr'>codicum</span> <span class='ocrx_word' id='word_1_196' title='bbox 501 2997 654 3069; x_wconf 88' lang='lat' dir='ltr'>Macarii</span> <span class='ocrx_word' id='word_1_197' title='bbox 680 2998 920 3088; x_wconf 85' lang='lat' dir='ltr'>Antiocheni,</span> <span class='ocrx_word' id='word_1_198' title='bbox 944 2996 1125 3094; x_wconf 86' lang='lat' dir='ltr'>praecipui</span> <span class='ocrx_word' id='word_1_199' title='bbox 1141 2994 1413 3072; x_wconf 80' lang='lat' dir='ltr'>Monotheiismi</span> 
     </span>
     <span class='ocr_line' id='line_1_27' title="bbox 218 3089 1409 3186; baseline -0.002 -19"><span class='ocrx_word' id='word_1_200' title='bbox 218 3091 354 3180; x_wconf 91' lang='lat' dir='ltr'>atroni,</span> <span class='ocrx_word' id='word_1_201' title='bbox 380 3089 503 3186; x_wconf 86' lang='lat' dir='ltr'>quibus</span> <span class='ocrx_word' id='word_1_202' title='bbox 525 3091 601 3164; x_wconf 87' lang='lat' dir='ltr'>ioca</span> <span class='ocrx_word' id='word_1_203' title='bbox 627 3092 767 3164; x_wconf 83' lang='lat' dir='ltr'>Parrum</span> <span class='ocrx_word' id='word_1_204' title='bbox 791 3114 856 3186; x_wconf 89' lang='lat' dir='ltr'>pro</span> <span class='ocrx_word' id='word_1_205' title='bbox 877 3116 942 3164; x_wconf 84' lang='lat' dir='ltr'>una</span> <span class='ocrx_word' id='word_1_206' title='bbox 968 3094 1150 3165; x_wconf 85' lang='lat' dir='ltr'>voluntate</span> <span class='ocrx_word' id='word_1_207' title='bbox 1176 3092 1282 3167; x_wconf 89' lang='lat' dir='ltr'>citata</span> <span class='ocrx_word' id='word_1_208' title='bbox 1307 3091 1409 3181; x_wconf 87' lang='lat' dir='ltr'>sunt,</span> 
     </span>
     <span class='ocr_line' id='line_1_28' title="bbox 190 3116 1411 3281; baseline -0.001 -19"><span class='ocrx_word' id='word_1_209' title='bbox 190 3116 383 3277; x_wconf 68' lang='lat' dir='ltr'>iiedtionem</span> <span class='ocrx_word' id='word_1_210' title='bbox 408 3181 460 3258; x_wconf 86' lang='lat' dir='ltr'>est</span> <span class='ocrx_word' id='word_1_211' title='bbox 481 3183 691 3281; x_wconf 72' lang='lat' dir='ltr'>petredium.</span> <span class='ocrx_word' id='word_1_212' title='bbox 718 3185 888 3259; x_wconf 86' lang='lat' dir='ltr'>Examine</span> <span class='ocrx_word' id='word_1_213' title='bbox 909 3185 989 3260; x_wconf 90' lang='lat' dir='ltr'>dein</span> <span class='ocrx_word' id='word_1_214' title='bbox 1015 3210 1048 3280; x_wconf 84' lang='lat'>3.</span> <span class='ocrx_word' id='word_1_215' title='bbox 1075 3184 1256 3278; x_wconf 86' lang='lat' dir='ltr'>instituto,</span> <span class='ocrx_word' id='word_1_216' title='bbox 1282 3206 1320 3261; x_wconf 89' lang='lat' dir='ltr'>et</span> <span class='ocrx_word' id='word_1_217' title='bbox 1336 3188 1411 3262; x_wconf 89' lang='lat' dir='ltr'>coi·</span> 
     </span>
    </p>

    <p class='ocr_par' dir='ltr' id='par_1_6' title="bbox 91 3278 1421 3948">
     <span class='ocr_line' id='line_1_29' title="bbox 91 3278 1421 3378; baseline -0.002 -17"><span class='ocrx_word' id='word_1_218' title='bbox 91 3364 95 3375; x_wconf 21' lang='lat' dir='ltr'>x</span> <span class='ocrx_word' id='word_1_219' title='bbox 191 3283 328 3362; x_wconf 84' lang='lat' dir='ltr'>latione</span> <span class='ocrx_word' id='word_1_220' title='bbox 353 3302 433 3355; x_wconf 89' lang='lat' dir='ltr'>curn</span> <span class='ocrx_word' id='word_1_221' title='bbox 465 3280 675 3355; x_wconf 84' lang='lat' dir='ltr'>authenticis</span> <span class='ocrx_word' id='word_1_222' title='bbox 704 3279 845 3352; x_wconf 84' lang='lat' dir='ltr'>Parrum</span> <span class='ocrx_word' id='word_1_223' title='bbox 877 3278 1058 3358; x_wconf 77' lang='lat' dir='ltr'>codicibus</span> <span class='ocrx_word' id='word_1_224' title='bbox 1083 3280 1190 3372; x_wconf 77' lang='lat' dir='ltr'>faeta,</span> <span class='ocrx_word' id='word_1_225' title='bbox 1229 3282 1421 3378; x_wconf 88' lang='lat' dir='ltr'>repertum</span> 
     </span>
     <span class='ocr_line' id='line_1_30' title="bbox 191 3371 1409 3470; baseline 0.002 -18"><span class='ocrx_word' id='word_1_226' title='bbox 191 3376 266 3468; x_wconf 74' lang='lat' dir='ltr'>est,</span> <span class='ocrx_word' id='word_1_227' title='bbox 292 3373 506 3466; x_wconf 79' lang='lat' dir='ltr'>¹testimonia</span> <span class='ocrx_word' id='word_1_228' title='bbox 531 3376 585 3461; x_wconf 83' lang='lat' dir='ltr'>iila</span> <span class='ocrx_word' id='word_1_229' title='bbox 608 3371 709 3451; x_wconf 83' lang='lat' dir='ltr'>iuiffe</span> <span class='ocrx_word' id='word_1_230' title='bbox 730 3373 954 3463; x_wconf 70' lang='lat' dir='ltr'>detruncata,</span> <span class='ocrx_word' id='word_1_231' title='bbox 997 3396 1034 3449; x_wconf 89' lang='lat' dir='ltr'>et</span> <span class='ocrx_word' id='word_1_232' title='bbox 1059 3378 1146 3450; x_wconf 85' lang='lat' dir='ltr'>maie</span> <span class='ocrx_word' id='word_1_233' title='bbox 1169 3377 1351 3470; x_wconf 84' lang='lat' dir='ltr'>adplicita3</span> <span class='ocrx_word' id='word_1_234' title='bbox 1384 3400 1409 3454; x_wconf 87' lang='lat' dir='ltr'>e</span> 
     </span>
     <span class='ocr_line' id='line_1_31' title="bbox 190 3470 1408 3568; baseline -0.003 -18"><span class='ocrx_word' id='word_1_235' title='bbox 190 3493 337 3561; x_wconf 76' lang='lat' dir='ltr'>eontra,</span> <span class='ocrx_word' id='word_1_236' title='bbox 378 3495 464 3568; x_wconf 89' lang='lat' dir='ltr'>quae</span> <span class='ocrx_word' id='word_1_237' title='bbox 490 3471 666 3564; x_wconf 82' lang='lat' dir='ltr'>aLegatis</span> <span class='ocrx_word' id='word_1_238' title='bbox 691 3472 803 3564; x_wconf 90' lang='lat' dir='ltr'>Papae</span> <span class='ocrx_word' id='word_1_239' title='bbox 822 3494 867 3545; x_wconf 83' lang='lat' dir='ltr'>ex</span> <span class='ocrx_word' id='word_1_240' title='bbox 888 3470 1014 3544; x_wconf 90' lang='lat' dir='ltr'>codice</span> <span class='ocrx_word' id='word_1_241' title='bbox 1034 3470 1183 3546; x_wconf 85' lang='lat' dir='ltr'>recitata</span> <span class='ocrx_word' id='word_1_242' title='bbox 1213 3470 1310 3563; x_wconf 88' lang='lat' dir='ltr'>sunt,</span> <span class='ocrx_word' id='word_1_243' title='bbox 1335 3471 1408 3548; x_wconf 84' lang='lat' dir='ltr'>ess&#39;e</span> 
     </span>
     <span class='ocr_line' id='line_1_32' title="bbox 192 3558 1409 3662; baseline 0.002 -19"><span class='ocrx_word' id='word_1_244' title='bbox 192 3592 290 3644; x_wconf 80' lang='lat' dir='ltr'>uera.</span> <span class='ocrx_word' id='word_1_245' title='bbox 326 3558 452 3640; x_wconf 81' lang='lat' dir='ltr'>Secuta</span> <span class='ocrx_word' id='word_1_246' title='bbox 469 3563 519 3639; x_wconf 86' lang='lat' dir='ltr'>est</span> <span class='ocrx_word' id='word_1_247' title='bbox 541 3589 576 3654; x_wconf 90' lang='lat'>4.</span> <span class='ocrx_word' id='word_1_248' title='bbox 596 3565 771 3639; x_wconf 86' lang='lat' dir='ltr'>damnatio</span> <span class='ocrx_word' id='word_1_249' title='bbox 794 3565 963 3654; x_wconf 89' lang='lat' dir='ltr'>Macarii,</span> <span class='ocrx_word' id='word_1_250' title='bbox 1001 3587 1080 3640; x_wconf 90' lang='lat' dir='ltr'>cum</span> <span class='ocrx_word' id='word_1_251' title='bbox 1110 3568 1296 3641; x_wconf 91' lang='lat' dir='ltr'>Monacho</span> <span class='ocrx_word' id='word_1_252' title='bbox 1327 3568 1409 3662; x_wconf 85' lang='lat' dir='ltr'>ejus</span> 
     </span>
     <span class='ocr_line' id='line_1_33' title="bbox 192 3658 1407 3761; baseline 0 -25"><span class='ocrx_word' id='word_1_253' title='bbox 192 3662 394 3761; x_wconf 71' lang='lat' dir='ltr'>stephano,</span> <span class='ocrx_word' id='word_1_254' title='bbox 412 3681 484 3733; x_wconf 89' lang='lat' dir='ltr'>non</span> <span class='ocrx_word' id='word_1_255' title='bbox 500 3658 657 3734; x_wconf 84' lang='lat' dir='ltr'>obstante</span> <span class='ocrx_word' id='word_1_256' title='bbox 673 3660 749 3734; x_wconf 85' lang='lat' dir='ltr'>sana</span> <span class='ocrx_word' id='word_1_257' title='bbox 768 3662 841 3756; x_wconf 86' lang='lat' dir='ltr'>ejus</span> <span class='ocrx_word' id='word_1_258' title='bbox 857 3658 1072 3737; x_wconf 81' lang='lat' dir='ltr'>confeiiione</span> <span class='ocrx_word' id='word_1_259' title='bbox 1091 3661 1174 3736; x_wconf 87' lang='lat' dir='ltr'>fidei</span> <span class='ocrx_word' id='word_1_260' title='bbox 1191 3665 1232 3737; x_wconf 92' lang='lat' dir='ltr'>ab</span> <span class='ocrx_word' id='word_1_261' title='bbox 1248 3663 1407 3757; x_wconf 87' lang='lat' dir='ltr'>ipsoob·</span> 
     </span>
     <span class='ocr_line' id='line_1_34' title="bbox 182 3754 1406 3856; baseline 0.002 -26"><span class='ocrx_word' id='word_1_262' title='bbox 182 3760 281 3856; x_wconf 65' lang='lat' dir='ltr'>data,</span> <span class='ocrx_word' id='word_1_263' title='bbox 306 3754 388 3852; x_wconf 90' lang='lat' dir='ltr'>quia</span> <span class='ocrx_word' id='word_1_264' title='bbox 408 3754 490 3828; x_wconf 90' lang='lat' dir='ltr'>duas</span> <span class='ocrx_word' id='word_1_265' title='bbox 511 3758 706 3829; x_wconf 85' lang='lat' dir='ltr'>voluntates</span> <span class='ocrx_word' id='word_1_266' title='bbox 733 3771 771 3831; x_wconf 85' lang='lat' dir='ltr'>et</span> <span class='ocrx_word' id='word_1_267' title='bbox 795 3757 1017 3850; x_wconf 88' lang='lat' dir='ltr'>operationes</span> <span class='ocrx_word' id='word_1_268' title='bbox 1039 3759 1217 3832; x_wconf 86' lang='lat' dir='ltr'>recusabat</span> <span class='ocrx_word' id='word_1_269' title='bbox 1235 3758 1406 3856; x_wconf 86' lang='lat' dir='ltr'>agnosce·</span> 
     </span>
     <span class='ocr_line' id='line_1_35' title="bbox 193 3847 1408 3948; baseline 0.003 -23"><span class='ocrx_word' id='word_1_270' title='bbox 193 3876 253 3943; x_wconf 83' lang='lat' dir='ltr'>re,</span> <span class='ocrx_word' id='word_1_271' title='bbox 285 3850 411 3947; x_wconf 84' lang='lat' dir='ltr'>absque</span> <span class='ocrx_word' id='word_1_272' title='bbox 434 3869 515 3939; x_wconf 78' lang='lat' dir='ltr'>uta</span> <span class='ocrx_word' id='word_1_273' title='bbox 539 3849 712 3924; x_wconf 85' lang='lat' dir='ltr'>sententia</span> <span class='ocrx_word' id='word_1_274' title='bbox 729 3847 884 3943; x_wconf 89' lang='lat' dir='ltr'>potuerit</span> <span class='ocrx_word' id='word_1_275' title='bbox 908 3850 1067 3928; x_wconf 89' lang='lat' dir='ltr'>abstrahi.</span> <span class='ocrx_word' id='word_1_276' title='bbox 1109 3853 1282 3948; x_wconf 84' lang='lat' dir='ltr'>Georgius</span> <span class='ocrx_word' id='word_1_277' title='bbox 1317 3877 1408 3931; x_wconf 92' lang='lat' dir='ltr'>vero</span> 
     </span>
    </p>

    <p class='ocr_par' dir='ltr' id='par_1_7' title="bbox 192 3942 1409 4123">
     <span class='ocr_line' id='line_1_36' title="bbox 192 3942 1409 4123; baseline -0.001 -99"><span class='ocrx_word' id='word_1_278' title='bbox 192 3949 319 4061; x_wconf 45' lang='grc' dir='ltr'>(ἔξω.)</span> <span class='ocrx_word' id='word_1_279' title='bbox 343 3969 428 4039; x_wconf 80' lang='lat' dir='ltr'>cum</span> <span class='ocrx_word' id='word_1_280' title='bbox 448 3943 523 4038; x_wconf 74' lang='lat' dir='ltr'>aiiir</span> <span class='ocrx_word' id='word_1_281' title='bbox 547 3945 705 4025; x_wconf 82' lang='lat' dir='ltr'>Orientis</span> <span class='ocrx_word' id='word_1_282' title='bbox 719 3942 925 4044; x_wconf 70' lang='lat' dir='ltr'>Episcopis,</span> <span class='ocrx_word' id='word_1_283' title='bbox 950 3948 1058 4025; x_wconf 85' lang='lat' dir='ltr'>fidem</span> <span class='ocrx_word' id='word_1_284' title='bbox 1080 3947 1409 4123; x_wconf 45' lang='lat' dir='ltr'>ortirodoxamfpffo·</span> 
     </span>
    </p>

    <p class='ocr_par' dir='ltr' id='par_1_8' title="bbox 313 4068 1408 4131">
     <span class='ocr_line' id='line_1_37' title="bbox 313 4068 1408 4131; baseline 0.001 -1"><span class='ocrx_word' id='word_1_285' title='bbox 313 4091 318 4099; x_wconf 76' lang='grc'><strong>’</strong></span> <span class='ocrx_word' id='word_1_286' title='bbox 745 4123 751 4130; x_wconf 93' lang='grc'><em>.</em></span> <span class='ocrx_word' id='word_1_287' title='bbox 810 4110 814 4124; x_wconf 64' lang='lat'>2</span> <span class='ocrx_word' id='word_1_288' title='bbox 1317 4068 1337 4119; x_wconf 72' lang='grc' dir='ltr'><strong>θ</strong></span> <span class='ocrx_word' id='word_1_289' title='bbox 1367 4070 1408 4131; x_wconf 69' lang='lat'>¹1⁸</span> 
     </span>
    </p>
   </div>
   <div class='ocr_carea' id='block_1_5' title="bbox 188 4089 343 4159">
    <p class='ocr_par' dir='ltr' id='par_1_9' title="bbox 188 4089 343 4159">
     <span class='ocr_line' id='line_1_38' title="bbox 214 4089 341 4107; baseline 0 0"><span class='ocrx_word' id='word_1_290' title='bbox 214 4089 222 4103; x_wconf 79' lang='grc' dir='ltr'><strong><em>ο</em></strong></span> <span class='ocrx_word' id='word_1_291' title='bbox 336 4094 341 4107; x_wconf 81' lang='grc' dir='ltr'>ι</span> 
     </span>
     <span class='ocr_line' id='line_1_39' title="bbox 188 4114 343 4159; baseline -0.013 -20"><span class='ocrx_word' id='word_1_292' title='bbox 188 4114 343 4159; x_wconf 60' lang='lat'>‘1¹10</span> 
     </span>
    </p>
   </div>
   <div class='ocr_carea' id='block_1_6' title="bbox 0 0 1568 4814">
    <p class='ocr_par' dir='ltr' id='par_1_10' title="bbox 0 0 1568 4814">
     <span class='ocr_line' id='line_1_40' title="bbox 0 0 1568 4814; baseline 0 0"><span class='ocrx_word' id='word_1_293' title='bbox 0 0 1568 4814; x_wconf 95' lang='lat' dir='ltr'> </span> 
     </span>
    </p>
   </div>
  </div>
 </body>
</html>
