3096 4462
895 53 909 92 t

556 170 663 250 &citi
680 129 760 252 ΙΙΧ.
1044 243 1060 276 ‚
1189 191 1264 272 449

70 344 342 454 provocantibus..
369 342 526 442 Ignatiua
556 372 640 428 mox
671 345 880 448 potestatem
912 345 1072 428 exercuit
1109 347 1149 426 in
1179 349 1259 424 Bul·

70 475 153 550 garos
173 443 454 534 Patriarchalern,
476 445 569 542 quod
585 447 676 546 Papa
693 451 889 546 aegerrime
913 449 1014 540 tulit,
1038 464 1076 521 et
1090 450 1129 522 in
1154 445 1256 546 epist.

66 543 220 640 adipsum
250 539 377 616 acriter
402 543 654 636 reprehendit:
694 543 769 618 imo
792 540 909 618 cumi
938 543 974 616 so
1007 539 1152 632 Balilio,
1191 560 1261 641 per·

69 643 201 728 litteras,
239 637 282 710 de
306 659 351 710 eo
377 632 624 732 expostulavit.
673 638 818 714 Exstant
848 567 1016 736 emtione
1047 637 1084 712 in
1116 635 1254 736 synodi

67 739 154 814 Vill.
176 734 298 806 codice
320 729 563 824 Anastafiano,
591 754 630 810 et
653 735 745 832 apud
772 733 980 823 Batonium,
1010 757 1041 808 a.
1067 739 1151 828 871.

102 833 130 931 l.
154 827 389 904 ccccxvii.
414 827 546 904 novas
569 853 709 928 quoque
731 831 811 906 liter
836 831 976 904 exorsus
1002 825 1054 904 est
1076 851 1158 904 cum
1190 829 1255 904 ca·

66 937 126 1003 rolo
148 927 272 1013 Calvo,
319 923 532 998 Francorum
560 947 665 1025 rege,
697 927 848 1026 primum
871 923 971 998 causa
993 926 1094 1022 regni
1121 925 1264 1014 Lothaa

66 1026 115 1113 rii,
142 1022 220 1096 dein
243 1017 431 1094 Hincmari
453 1017 710 1111 Lauduneulia,
748 1045 836 1122 quae
858 1019 1030 1116 posterior
1060 1019 1130 1096 fuit
1158 1043 1255 1098 acer-

67 1121 197 1200 liffioa,
233 1115 409 1194 Lothario
433 1112 623 1208 defuncto,
661 1137 743 1193 cum
767 1139 915 1214 regnum
948 1117 1023 1212 ejor
1049 1137 1257 1214 occuparet,-
1318 1133 1325 1166 ⁸

66 1215 220 1290 renitente
253 1211 441 1286 Ludovico
474 1211 719 1306 Imperatore,
765 1213 908 1288 Carolus
940 1212 1064 1286 Calvus
1093 1233 1124 1288 a.
1149 1219 1256 1304 869..

67 1315 140 1409 Papa
162 1308 378 1406 legationem
403 1307 446 1381 ad
470 1327 552 1380 eum
582 1307 767 1400 decreuit,
807 1305 1092 1384 interminaturur
1121 1327 1158 1382 et
1185 1309 1257 1406 lpli

67 1427 95 1481 et
115 1403 292 1502 Episcopia
318 1401 417 1500 regni
441 1403 864 1498 excommunicationem,
904 1401 1013 1478 uilia
1038 1425 1153 1498 regno
1184 1405 1256 1478 Lo·

68 1506 152 1578 tharii
166 1500 377 1588 abstineret,
396 1516 454 1588 ut,
483 1517 622 1596 praeter
637 1499 842 1576 Aimoinum
866 1496 945 1576 hist.
972 1499 1023 1576 V:
1043 1521 1100 1590 24.
1125 1518 1163 1573 et
1178 1501 1256 1578 An·
1376 1512 1380 1526 ‘

66 1599 140 1675 ualet
160 1593 374 1686 Remmiam,
414 1591 583 1674 testantur
597 1593 689 1691 ipsae
705 1597 816 1694 Papae
838 1596 987 1670 litterae.
1039 1595 1139 1696 Quae
1163 1597 1258 1695 lega·

67 1695 108 1768 tio
127 1714 305 1790 antequam
329 1689 536 1764 executioni
561 1692 801 1788 mandaretur,
827 1692 990 1782 Carolus,
1017 1691 1143 1767 coatto
1169 1715 1259 1770 con·

68 1790 148 1879 cilio,
178 1789 407 1886 proclamatus
432 1783 482 1858 est
507 1786 607 1876 Rex,
644 1805 682 1862 et
702 1791 744 1864 ab
761 1787 963 1886 Episcopia,
989 1809 1071 1861 cum
1087 1788 1256 1868 benedic·

70 1886 146 1959 tione
168 1883 387 1972 sacerdotali,
415 1901 621 1973 coronatum
645 1899 683 1956 ut
697 1883 794 1959 ldem
806 1879 982 1958 Annalista
998 1880 1115 1956 tradit.
1167 1889 1257 1966 Cum

67 2003 158 2057 autem
181 1981 403 2068 Ludovicus,
431 1977 637 2052 Germaniae
660 1980 762 2070 Rex,
797 1979 831 2052 ei
863 1980 928 2050 hac
951 1975 985 2048 su
1033 2000 1050 2048 r
1074 1975 1258 2060 invasione

69 2075 154 2154 nima
174 2075 396 2164 intenderet,
437 2072 615 2146 intereos
640 2073 765 2149 diullio
791 2072 894 2168 regni
920 2072 990 2144 Lot
1017 2070 1081 2144 arii
1113 2071 1165 2148 est
1197 2069 1279 2152 in.‘

68 2173 179 2266 llituta,
202 2173 303 2268 cujus
326 2167 400 2244 atta
423 2169 632 2266 Aquilgrani
656 2169 819 2246 confecia
840 2169 875 2242 su
903 2163 1030 2242 ersunt.
1061 2165 1168 2268 ¹Quo
1194 2193 1256 2245 au-

67 2269 138 2359 dito,
160 2273 247 2364 Papa
274 2268 317 2340 ad
344 2285 456 2338 utrum
484 2288 527 2350 ue
545 2265 706 2364 Regem,
731 2288 771 2342 et
851 2195 1008 2360 idopos,
1033 2259 1161 2336 direxit
1184 2265 1256 2340 Le·

67 2386 166 2461 gatos3
189 2389 233 2438 eo
257 2363 387 2458 scopo,
416 2289 637 2457 utheguum
655 2362 738 2435 illud
754 2363 807 2434 Lu
833 2360 938 2434 ovico
958 2359 1170 2454 luperatori,
1186 2359 1257 2452 fra,

68 2463 101 2534 tri
120 2458 297 2550 Lotharii,
322 2476 360 2530 et
383 2453 544 2551 legitimo
569 2453 774 2548 successori,
800 2456 983 2547 reddatur,
1008 2453 1068 2528 sub
1092 2455 1256 2624 inteErmi.

1021 2573 1065 2624 uo
1092 2559 1135 2628 ue
1209 2553 1253 2630 is·

66 2655 156 2749 copia,
193 2673 231 2727 ut
262 2649 298 2726 se
323 2673 343 2724 a
367 2647 508 2744 Regum
531 2668 794 2739 communione,
838 2649 965 2724 sucum
992 2573 1259 2732 pedeqRomlina

66 2751 301 2824 communicare
328 2743 459 2835 velint,
501 2741 709 2820 abstineant.
761 2743 829 2819 Sed
860 2766 1005 2842 operam
1038 2741 1116 2817 lulit
1149 2747 1258 2844 Papa,

65 2848 178 2922 Carolus
200 2861 339 2943 partem
365 2841 455 2913 suam
480 2837 644 2930 retinuit,
686 2839 887 2916 Ludovicus
914 2836 1124 2922 ,Germaniae
1158 2841 1254 2921 su'am
1348 2858 1351 2872 '

66 2939 188 3016 restituit
211 2935 437 3035 inperatori,
461 2937 521 3034 qui
544 2937 652 3009 etiam
668 2937 741 3033 ejus
759 2933 867 3034 partia
883 2936 964 3011 Rex
988 2953 1175 3012 coronatus
1200 2939 1255 3020 est

68 3039 100 3110 ab
125 3036 298 3114 Hadriano
328 3057 358 3110 a
386 3037 490 3126 872„
525 3027 614 3106 telle
651 3031 829 3109 Annalista
864 3028 1081 3120 Bertiniano
1128 3033 1255 3112 inanis·
1302 3059 1310 3070 ·

72 3135 126 3208 tuit
142 3139 244 3228 etiarn
268 3129 339 3208 sese
360 3125 552 3202 discordiae
568 3127 683 3202 Caroli
701 3129 799 3206 Calvi
814 3151 895 3204 cum
920 3127 992 3202 filio
1015 3127 1090 3223 ejus
1113 3128 1257 3226 Carula&
1352 3221 1359 3228 ,

67 3249 185 3328 manno,
223 3223 428 3304 Senonenle
452 3222 634 3311 Diacono,
675 3241 713 3296 et
748 3221 925 3301 variorum
961 3220 1256 3308 monasteriorum

25 3366 31 3380 f
65 3323 153 3402 Pure.
199 3321 295 3424 Qui,
321 3339 445 3396 contra
467 3320 604 3393 Patrem
629 3319 785 3420 rebellia,
810 3317 976 3396 Abbatiir
1002 3319 1180 3418 privatus,
1214 3341 1256 3402 et

66 3421 218 3516 custodiae
243 3418 359 3507 datus,
382 3414 442 3490 sed
465 3415 575 3512 Papae
594 3410 838 3492 intercellione
864 3414 1051 3507 liberatus,
1073 3414 1110 3492 in
1135 3417 1257 3530 Belgi,-

67 3537 124 3594 um
145 3519 240 3592 v'enit
262 3509 502 3602 Prouinciam,
527 3529 563 3584 et
590 3509 756 3610 ingentes
780 3509 998 3598 ibi,instituit
1013 3511 1105 3611 depo
1132 3514 1256 3588 alatro·

63 3633 129 3781 umT.
158 3613 277 3786 -Qtplam
301 3611 348 3690 ob
374 3609 507 3686 causam
529 3603 745 3776 socigplpjm
775 3609 885 3690 morti
917 3605 1053 3686 addixit
1158 3609 1269 3710 olus,

55 3781 59 3805 r
125 3735 182 3790 ‘im'
236 3765 246 3786 ⁸
1125 3759 1130 3766 ¹
1214 3725 1259 3806 a

68 2559 186 2648 parione
212 2551 355 2632 ultionis
377 2552 421 2626 de
439 2550 519 2649 ipfit
534 2551 741 2660 sumendam
766 2551 981 2650 praecipiens
