3104 4814
176 668 255 787 ,rs
569 662 719 771 orpora
739 668 867 773 natet
893 624 1007 775 mat.

181 844 286 951 qtiarn
310 841 445 941 effigies
476 845 628 942 Martis,
659 868 741 925 toto
764 873 898 949 copore
919 866 1071 942 umato,
1115 841 1192 923 coli
1214 840 1329 923 ‘solita
1362 836 1401 917 is

186 960 316 1021 monte
341 942 516 1039 Ersburg,
544 945 642 1043 ‘quali
672 945 786 1039 dicas,
821 967 860 1022 ut
885 964 1046 1045 putatur,
1075 942 1288 1038 Morrburg,
1318 935 1407 1013 litut
1473 972 1477 977 ·

185 1035 362 1141 irminsul,
388 1040 481 1136 quast
505 1042 684 1117 adornans
698 1040 793 1138 fuis,
826 1044 885 1116 seu
908 1062 1097 1116 commune
1122 1037 1266 1137 asylum.
1318 1033 1415 1135 Quo

184 1132 314 1211 eodem
346 1152 508 1232 tempore
535 1137 732 1213 saxonibus
758 1137 1008 1214 convertendis
1029 1126 1477 1211 mentemmentd-

187 1250 255 1331 nus
276 1250 314 1305 et
336 1230 513 1323 sturmio,
544 1233 596 1308 de
620 1231 745 1330 quibus
770 1235 880 1331 supra.
928 1253 964 1309 2.
996 1234 1148 1307 Saxona
1171 1250 1205 1304 a.
1227 1233 1316 1325 776.
1347 1246 1480 1301 ce·-

187 1326 374 1418 bellantes,
399 1327 458 1402 sed
484 1327 592 1403 celeri
616 1329 828 1403 Francorum
851 1328 1006 1403 adventu
1030 1322 1209 1425 perterriti
1234 1324 1310 1399 sese
1334 1338 1496 1397 tra--.

186 1412 373 1524 diderunt,
395 1444 437 1499 ac
461 1422 711 1499 Christianismi
735 1423 988 1520 susceptionem
1006 1419 1288 1520 spoponderunt,
1315 1416 1496 1491 mul-

189 1516 385 1617 tiquoque
411 1518 620 1616 baptismate
646 1517 724 1595 sunt
747 1519 873 1610 tinsli,
914 1541 953 1596 ut
975 1516 1156 1595 Annalilla
1188 1513 1484 1590 Loiselianus==

188 1612 314 1715 sJefert.
366 1635 400 1709 3.
424 1616 600 1714 Sequente
632 1611 737 1690 etiarn
769 1638 861 1690 anno
886 1637 970 1712 777.
1009 1614 1116 1711 longe
1144 1611 1276 1710 majore
1309 1608 1401 1683 mul·
1452 1637 1500 1657 -·

190 1709 343 1795 titudine
377 1700 484 1784 fidem
514 1709 659 1807 prosessi
690 1713 801 1799 sunt,
844 1712 906 1785 ‘sed
939 1711 977 1785 vi
1009 1729 1048 1784 et
1079 1708 1181 1783 armis
1219 1701 1491 1803 compuls—

187 1828 227 1901 4.
251 1806 399 1881 Duobus
419 1804 521 1880 annis
538 1804 636 1900 post,
658 1826 751 1879 anno
779 1826 885 1902 779„
906 1805 1035 1881 iterum
1052 1804 1280 1890 defecerunt,
1303 1802 1394 1875 mul·

184 1898 312 2001 't'td'que
329 1898 544 1975 Christianos
560 1899 794 1992 trucidarunt,
812 1902 889 1999 ipso
904 1901 1081 1990 sturmio,
1098 1900 1237 1974 Abbate
1252 1896 1498 1973 fuluo-

185 1996 252 2088 se,
268 1994 433 2091 aufugere
458 1994 595 2069 cossio.
639 2018 674 2087 5.
699 1998 850 2095 Quando
870 2020 963 2073 anno
984 1998 1150 2092 sequente
1166 2001 1252 2089 780.
1273 1994 1403 2068 iterum
1423 1999 1504 2057 '¹-

185 2093 261 2175 sese
277 2090 358 2167 sidei
375 2088 586 2173 Christianae
601 2092 844 2188 subjecerunt,
867 2110 905 2168 et
921 2115 985 2190 per
1007 2092 1227 2189 Episcopus,
1252 2090 1399 2186 Presby·
1452 2108 1505 2130 Α

190 2208 312 2275 teros,
334 2209 375 2259 ac
399 2185 573 2275 Abbates,
599 2187 637 2261 in
661 2187 811 2262 Saxonia
836 2211 856 2262 a
878 2188 1003 2263 Carolo
1017 2186 1180 2275 retium,
1204 2184 1400 2261 multisunt
1447 2182 1512 2244 :3

185 2278 370 2371 conversi,
399 2303 468 2353 non
487 2300 624 2357 tantum
641 2305 684 2355 ex
699 2282 893 2357 Saxonibus
907 2283 960 2358 cis
975 2281 1114 2370 Albim,
1137 2280 1197 2356 sed
1213 2299 1252 2354 et
1266 2279 1400 2355 stravit
1446 2282 1516 2338 8

186 2396 285 2455 trans
308 2400 388 2450 eum
411 2376 578 2469 fluvium,
605 2399 642 2452 et
666 2378 748 2476 ipsts
772 2377 907 2470 Frifiis,
932 2379 991 2476 qui
1015 2376 1207 2458 Saxonibus
1229 2394 1328 2453 eraut
1343 2377 1396 2450 ri·
1472 2393 1515 2414 ‘

187 2472 271 2555 cini.
318 2471 431 2571 Quam
454 2473 718 2548 conversionem
746 2483 780 2550 6.
805 2476 952 2549 multum
976 2474 1157 2570 promouit
1191 2471 1400 2547 Villelradus
1449 2470 1540 2527 ³·

187 2570 374 2664 Presbyter
406 2592 437 2640 a.
464 2578 546 2662 781.
602 2571 738 2644 Verum
767 2593 800 2665 7.
825 2570 974 2658 iterum,
999 2593 1120 2644 autore
1145 2566 1400 2657 widichindo,
1457 2594 1525 2639 cs

153 2657 162 2680 ⁴
187 2668 334 2745 rebelles
351 2663 527 2759 persecuti
544 2661 619 2737 sunt
638 2663 871 2754 Christianos3
896 2688 1042 2762 quorum
1066 2664 1126 2739 alii
1142 2663 1282 2760 dispersi
1303 2664 1400 2752 sunt,-
1465 2679 1540 2733 a·

46 2815 49 2820 ·
186 2764 247 2849 ulii
263 2761 387 2848 occist,
410 2758 484 2854 ipse
501 2760 707 2835 Villehadns
724 2761 794 2836 sese
813 2760 895 2855 fuga
911 2760 1082 2835 subduxit.
1132 2759 1400 2835 VidAnscha·
1470 2770 1526 2799 ‘'

187 2862 261 2951 rius
283 2857 320 2931 in
346 2856 419 2950 ejus
446 2859 527 2930 vita.
580 2865 613 2935 8.
639 2858 796 2954 Represst
821 2857 905 2930 licet
930 2874 1013 2927 tunc
1043 2856 1178 2930 suerint
1203 2880 1224 2930 a
1249 2857 1400 2946 Catulo,
1481 2879 1544 2917 a·

187 2952 370 3028 redierunt
395 2971 512 3020 tamen
536 2952 626 3024 haud
649 2953 709 3026 diu
732 2953 809 3048 post
842 2953 1035 3047 plenissime
1065 2952 1107 3026 ad
1138 2949 1402 3048 Paganismum.
1487 2972 1527 3009 Δ

187 3067 228 3137 et
260 3046 298 3120 in
327 3062 444 3138 partes
481 3066 620 3139 quoque
655 3049 792 3121 trahere
824 3051 941 3119 conati
973 3049 1050 3120 sunt
1080 3048 1279 3121 Avarorum
1312 3070 1402 3145 gen·
1497 3054 1538 3141 ‘-

186 3165 289 3224 tem:
328 3157 368 3211 ut
404 3139 510 3213 tradit
540 3141 741 3214 chronicon
779 3141 1032 3217 Moiffiacense.
1093 3145 1220 3218 Donec
1259 3145 1446 3220 tandem=²
1499 3133 1538 3187 ¹

181 3264 246 3341 9.‚
270 3236 359 3310 bello
377 3235 446 3309 hoc
462 3234 583 3323 sinito,
610 3238 768 3325 Carolus,
795 3255 832 3310 ut
856 3259 917 3312 eos
941 3239 979 3313 in
1006 3238 1089 3311 fidei
1113 3239 1327 3332 professrone
1346 3260 1399 3314 te·

184 3352 288 3417 neret
309 3330 526 3419 constantes,
559 3331 783 3428 Episcopatus
809 3333 980 3423 erexerit,
1015 3334 1073 3429 qui
1099 3334 1194 3408 simul
1221 3333 1412 3433 Principa·.
1513 3354 1526 3361 ··

183 3428 241 3511 tus
263 3426 393 3519 essent,
419 3452 482 3519 per
509 3443 619 3500 totam
643 3428 851 3516 Saxoniam,
886 3430 1040 3516 scilicet,
1074 3432 1398 3529 osnabrugensem,

180 3521 512 3617 Paterbornensem,
529 3521 885 3612 Halberstadiensem,
902 3522 1142 3619 bremensem,
1158 3528 1404 3621 Verdensem,

179 3620 432 3707 Mindensem,
457 3618 791 3709 Monasteriensem,
816 3643 853 3696 et
870 3619 1136 3697 Hildelienl'em.
1189 3623 1329 3723 Quibus
1343 3647 1406 3700 ac·

179 3718 353 3801 cesserunt
378 3715 669 3812 Hamburgensts‚
709 3740 747 3794 et
772 3718 1008 3794 Schildrensrs.
1060 3718 1229 3792 Ceterum
1261 3718 1405 3796 decreti

178 3818 263 3898 suut
284 3811 321 3886 hi
357 3808 590 3920 Episcopatus
615 3838 653 3893 a.
680 3824 763 3909 780.
798 3817 857 3888 sed
892 3812 1076 3888 constituti
1099 3816 1290 3890 demuma.
1318 3824 1406 3898 812.

178 3919 227 4001 ln
247 3906 366 4013 primis
389 3922 503 3977 notari
532 3929 687 3983 meretur
710 3905 926 3996 Bremensrs,
954 3910 1047 3983 unde
1070 3909 1128 3984 lux
1142 3910 1322 4008 euangelii
1336 3936 1407 4011 per

180 4012 301 4093 simnia
326 3999 538 4081 Germaniae
565 4002 640 4074 loca
664 4003 956 4095 septentrionalia
981 4005 1051 4080 suit
1074 4006 1316 4100 disseminata,
1350 4028 1408 4084 utr

175 4103 322 4211 q‘z'regie
347 4095 506 4201 exposuit
530 4096 583 4199 Cl.
612 4095 769 4179 Hostem
804 4096 845 4247 in
882 4100 1039 4177 Oratione
1071 4102 1110 4181 in
1149 4104 1394 4279 BiblclBrvenlrI.
