3104 4814
142 630 240 715 em
546 604 696 715 Historia
718 595 997 714 marosticam:
1086 666 1101 695 s

150 792 254 873 ¹llid.
275 788 436 867 Buluziut
450 783 719 892 cartegiam,
743 818 823 894 cap.
854 797 956 888 169..
979 789 1053 865 imo
1070 783 1150 868 uiue
1163 783 1305 892 quoque
1316 788 1382 871 ti·

163 891 289 965 nardini·
313 890 409 965 Sacri
420 943 433 981 ,
472 889 618 965 nomine
641 893 730 967 lieet
753 889 911 967 noudum
935 905 1044 977 noto,
1083 912 1155 986 quo
1181 908 1257 965 tota
1341 890 1382 964 ὀ

162 1010 182 1063 a
205 987 380 1061 sacrorum
404 985 580 1061 exercitio
600 1006 760 1080 arcetur,
782 985 843 1086 qui
866 985 937 1061 see.
961 984 1068 1076 xli,
1090 983 1264 1082 deinceps
1278 910 1382 1085 zell!

150 1082 260 1179 3Papie
285 1081 516 1179 adprobatus,
540 1103 583 1158 ac
608 1082 813 1181 frequenter
833 1080 1032 1159 adhibitua·
1071 1079 1160 1155 Vid.
1191 1081 1381 1158 Boehmer.

154 1179 225 1277 jur.
242 1178 372 1252 Ecclel.
399 1180 421 1254 l.
448 1180 499 1254 V.
523 1179 580 1252 tit.
614 1201 672 1273 39.
697 1180 767 1253 Sed
789 1178 873 1254 alius
893 1176 1010 1252 adhue
1040 1175 1164 1251 abusus
1197 1177 1381 1253 introduc·

153 1294 218 1348 tus
243 1271 314 1360 est,
351 1296 422 1371 quo
454 1296 525 1349 non
561 1294 695 1349 tantum
727 1286 869 1383 peecata
895 1270 1039 1347 ritualia
1070 1268 1206 1361 omnia,
1255 1273 1317 1348 sed
1346 1289 1382 1361 et

161 1368 398 1465 cogitationes
435 1370 693 1467 peccaminolas
726 1393 760 1443 nr
791 1368 1012 1467 gravioribus
1041 1365 1178 1442 delitiis
1212 1368 1379 1444 confiteri

160 1469 432 1554 debebant‚.ut
466 1467 571 1541 habet
604 1490 721 1542 canon
756 1489 814 1562 32.
850 1465 1053 1540 Cabillones.
1086 1465 1133 1540 ll.
1168 1483 1206 1537 et
1237 1465 1382 1563 capitul.

162 1560 276 1636 Caroli
300 1562 409 1636 addit.
439 1563 506 1635 111.
531 1582 564 1636 c.
591 1584 651 1654 55.
668 1562 732 1661 sed
757 1580 789 1637 et
815 1562 870 1634 lior
901 1561 1118 1634 emendatione
1141 1561 1290 1655 indigere
1308 1581 1382 1657 per·

159 1657 349 1754 speximus,
375 1660 596 1753 quodquidam
615 1662 689 1732 dnm
707 1660 898 1756 confitentur
911 1673 1050 1751 peccata
1057 1653 1125 1751 sno
1132 1653 1382 1753 sacerdotibus,

159 1780 224 1829 non
243 1755 336 1849 plene
359 1757 394 1826 id
408 1753 549 1846 faciant
575 1773 645 1830 etc.
671 1756 729 1829 ubi
750 1778 835 1828 mox
859 1754 1017 1840 additur,
1056 1757 1252 1846 cogitatione
1286 1750 1382 1852 aequi

159 1874 205 1927 ac
226 1873 334 1948 opere
362 1849 539 1922 commilla
560 1869 703 1945 peccata
726 1848 795 1924 effe
819 1849 1037 1947 exponenda.
1089 1847 1167 1950 Qua
1189 1849 1236 1924 de
1259 1874 1301 1924 re
1318 1872 1382 1927 ex·

160 1948 229 2023 stat
258 1946 451 2018 luculentus
476 1943 668 2018 Theodulfi
699 1945 793 2019 locus
825 1947 861 2020 in
890 1945 1071 2042 capitular.
1102 1965 1180 2040 cap.
1192 1950 1302 2112 dtr„¹
1322 1942 1382 2023 ubi

159 2044 257 2118 inter
280 2038 345 2111 alia
370 2035 490 2126 dicit,.
510 2039 622 2111 debere
655 2043 822 2136 confitenti
843 2041 1046 2140 persuaderi,
1079 2057 1113 2112 ut
1138 2055 1171 2116 rt
1189 2120 1194 2127 ,
1214 2067 1231 2115 e
1253 2044 1382 2138 perrerj·

154 2135 208 2231 fir
235 2134 485 2227 cogitationibus
506 2134 627 2228 faciat
652 2135 893 2234 cocrfefflonem,
937 2153 1134 2233 praeterea,
1174 2158 1214 2212 ut
1238 2160 1319 2213 earn
1339 2136 1382 2213 de

161 2236 229 2304 olio
253 2228 504 2324 principalibus
528 2230 625 2304 uitiis
650 2234 777 2323 faciat,
821 2234 958 2324 scilieet
983 2231 1244 2329 gastrimargia,
1270 2232 1382 2328 sorni·

155 2328 312 2413 catium,
352 2327 483 2400 accidia
509 2326 567 2400 seu
596 2327 755 2426 tristitia,
784 2333 951 2412 avaritia,
972 2354 1062 2403 oona
1076 2330 1206 2423 gloria,
1232 2332 1379 2419 inrideri

156 2426 232 2510 irc,
261 2419 439 2517 superbio,
478 2427 554 2498 vult
582 2446 740 2523 quoque,
781 2446 820 2498 ut
847 2426 1001 2499 sacerdos
1032 2426 1282 2522 de-nnop'oopoe
1303 2430 1381 2499 nicio

158 2518 295 2599 interro
323 2537 369 2591 et.
420 2521 576 2613 Exponit
603 2544 742 2619 quoque
765 2522 960 2597 Theodull.
988 2521 1133 2596 ibide.
1160 2538 1219 2616 30.
1246 2521 1382 2611 confes·

160 2614 264 2692 sionis
291 2541 434 2709 liopum
461 2634 499 2689 et
523 2616 695 2706 trunam,
720 2617 870 2704 scilieet,
905 2622 983 2712 quio
1004 2630 1133 2710 accepto
1154 2624 1199 2691 ab
1223 2622 1268 2691 ii‘r
1283 2616 1382 2715 salu·

50 2746 53 2751 ·
162 2714 233 2788 tori
256 2708 403 2804 confilio.
419 2710 649 2805 saluberrimis
669 2716 886 2808 poenitentioe
905 2715 1198 2805 obseruationibus,
1216 2713 1290 2805 fine
1314 2724 1382 2789 rnu'·

153 2811 230 2905 teir
266 2811 479 2897 orationibus,
519 2826 722 2906 peccatoram
753 2813 900 2885 maculas
925 2812 1087 2884 diluimus.
1147 2811 1382 2887 Conleffionii

159 2903 262 2978 istius
283 2906 518 2978 neceffitatem
544 2928 583 2981 et
608 2910 795 2983 utilitatem
827 2906 944 2980 multis
966 2905 1140 2980 adstruere
1163 2910 1311 3001 conatui
1336 2906 1382 2983 en

158 3000 330 3077 alcuinus
363 2998 463 3096 epist.
493 3007 574 3092 26„
615 3005 705 3099 apud
738 3002 910 3076 Conifium
943 3002 1062 3096 Antiq.
1096 3001 1195 3077 Leti.
1219 3020 1245 3079 t.
1271 3005 1320 3080 ΙΙ.
1346 3028 1382 3102 p.

150 3119 271 3188 ¹415·‚
319 3094 404 3171 sicut
429 3115 465 3170 et
497 3093 535 3170 in
568 3099 793 3195 sequentibus
818 3098 861 3170 ad
883 3117 998 3192 pueros
1029 3104 1064 3174 S.
1089 3102 1251 3174 Martini.
1302 3100 1382 3177 Nee

159 3195 290 3271 mirum
315 3191 385 3283 est,
426 3193 581 3270 Veteres
613 3195 655 3269 ad
687 3191 911 3270 auricularem
939 3193 1107 3289 ejusmodi
1132 3194 1382 3274 confellioueni

159 3285 231 3363 effe
255 3289 430 3386 delapsos,
454 3290 593 3365 eumad
617 3306 762 3385 peccata
789 3291 961 3385 expianda
987 3289 1190 3366 censuerint
1239 3293 1382 3369 uaedam

158 3383 405 3482 poenitentiae
431 3409 537 3483 opera
561 3385 631 3460 elie
656 3383 860 3474 macellaria,
899 3389 993 3461 cirea
1014 3410 1102 3487 quae
1125 3315 1271 3461 confilio
1293 3386 1382 3463 iudi·

162 3483 292 3577 gebant
315 3480 542 3558 sacerdotum.
596 3479 772 3556 eonfemo
799 3483 918 3578 itaque
943 3484 1100 3578 privata,
1136 3506 1168 3557 1.
1194 3504 1261 3558 nec
1278 3483 1382 3577 ,absos

158 3577 233 3652 lute
258 3576 447 3653 neceiiaria
471 3578 514 3651 ad
539 3576 778 3653 salutem-fuit
797 3579 970 3679 judicata,
995 3602 1065 3653 nee
1087 3577 1196 3653 etiam
1220 3581 1301 3677 lege
1316 3580 1382 3679 alig·

162 3695 230 3769 qua
254 3670 406 3761 sancita,
430 3691 490 3747 aut
508 3673 688 3751 communi
707 3674 874 3752 consensu
900 3694 1054 3771 recepta.
1104 3676 1337 3751 Cabiloneule
1352 3676 1382 3755 1:

160 3766 353 3844 concilium
379 3788 454 3842 can.
482 3776 542 3849 8oo
567 3774 678 3848 utilem
704 3791 837 3848 tantum
866 3773 1039 3862 declarat,
1072 3770 1237 3846 Rabanue
1268 3770 1382 3850 lustit.

162 3865 253 3940 cler.
277 3865 299 3939 l.
324 3864 354 3938 Ι.
379 3885 411 3938 c.
437 3885 495 3958 30.
516 3866 733 3964 spontaneam
762 3868 920 3963 adpellit.
972 3867 1170 3942 Concilium
1207 3870 1382 3948 Cabilloo.

165 3959 494 4037 11.·sec.1x.can.
522 3987 580 4059 33.
608 3967 730 4051 habet,
756 3962 904 4057 quosdam
929 3967 1070 4039 censere
1092 3963 1163 4039 Deo
1185 3963 1382 4062 solummodo

161 4059 339 4162 commendo
359 4072 517 4162 peccalo,
542 4060 692 4158 quosdam
712 4063 813 4159 etiem
826 4058 1020 4162 socerdpti3
1046 4079 1214 4161 utrumque
1229 4062 1382 4152 ‘confine

170 4236 175 4247 .
240 4194 252 4243 t
704 4214 709 4221 ·
800 4214 804 4219 -
1139 4180 1143 4190 ’
1255 4179 1382 4253 magno
