<?xml version="1.0" encoding="UTF-8"?>
<!DOCTYPE html PUBLIC "-//W3C//DTD XHTML 1.0 Transitional//EN"
    "http://www.w3.org/TR/xhtml1/DTD/xhtml1-transitional.dtd">
<html xmlns="http://www.w3.org/1999/xhtml" xml:lang="en" lang="en">
 <head>
  <title>
</title>
<meta http-equiv="Content-Type" content="text/html;charset=utf-8" />
  <meta name='ocr-system' content='tesseract 3.04.00' />
  <meta name='ocr-capabilities' content='ocr_page ocr_carea ocr_par ocr_line ocrx_word'/>
</head>
<body>
  <div class='ocr_page' id='page_1' title='image "./hermannivenemai03venegoog_0100.png"; bbox 0 0 3104 4814; ppageno 0'>
   <div class='ocr_carea' id='block_1_1' title="bbox 564 691 1404 795">
    <p class='ocr_par' dir='ltr' id='par_1_1' title="bbox 564 691 1404 795">
     <span class='ocr_line' id='line_1_1' title="bbox 564 691 1404 795; baseline 0.01 -34"><span class='ocrx_word' id='word_1_1' title='bbox 564 720 581 761; x_wconf 92' lang='lat'>.-</span> <span class='ocrx_word' id='word_1_2' title='bbox 686 691 792 770; x_wconf 70' lang='lat' dir='ltr'>aaut.</span> <span class='ocrx_word' id='word_1_3' title='bbox 815 691 901 769; x_wconf 74' lang='lat' dir='ltr'>Vn.</span> <span class='ocrx_word' id='word_1_4' title='bbox 989 754 993 761; x_wconf 94' lang='lat'>.</span> <span class='ocrx_word' id='word_1_5' title='bbox 1351 724 1404 795; x_wconf 57' lang='grc' dir='ltr'>,ι</span> 
     </span>
    </p>
   </div>
   <div class='ocr_carea' id='block_1_2' title="bbox 152 864 1419 4303">
    <p class='ocr_par' dir='ltr' id='par_1_2' title="bbox 152 864 1419 4303">
     <span class='ocr_line' id='line_1_2' title="bbox 185 864 1419 969; baseline 0.005 -25"><span class='ocrx_word' id='word_1_6' title='bbox 185 890 258 944; x_wconf 87' lang='lat' dir='ltr'>nen</span> <span class='ocrx_word' id='word_1_7' title='bbox 294 890 423 943; x_wconf 87' lang='lat' dir='ltr'>vemm</span> <span class='ocrx_word' id='word_1_8' title='bbox 458 864 532 960; x_wconf 87' lang='lat' dir='ltr'>est,</span> <span class='ocrx_word' id='word_1_9' title='bbox 564 865 759 945; x_wconf 80' lang='lat' dir='ltr'>fatentibus</span> <span class='ocrx_word' id='word_1_10' title='bbox 790 872 898 944; x_wconf 88' lang='lat' dir='ltr'>etiam</span> <span class='ocrx_word' id='word_1_11' title='bbox 931 866 1125 961; x_wconf 84' lang='lat' dir='ltr'>Arabibnr,</span> <span class='ocrx_word' id='word_1_12' title='bbox 1157 869 1271 969; x_wconf 87' lang='lat' dir='ltr'>ipsum</span> <span class='ocrx_word' id='word_1_13' title='bbox 1302 874 1419 961; x_wconf 59' lang='lat' dir='ltr'>suiss&#39;e,</span> 
     </span>
     <span class='ocr_line' id='line_1_3' title="bbox 177 962 1398 1062; baseline 0.007 -22"><span class='ocrx_word' id='word_1_14' title='bbox 177 967 211 1040; x_wconf 83' lang='lat' dir='ltr'>in</span> <span class='ocrx_word' id='word_1_15' title='bbox 236 983 448 1062; x_wconf 88' lang='lat' dir='ltr'>paupertate</span> <span class='ocrx_word' id='word_1_16' title='bbox 472 962 712 1040; x_wconf 88' lang='lat' dir='ltr'>constitutum.</span> <span class='ocrx_word' id='word_1_17' title='bbox 760 968 820 1039; x_wconf 92' lang='lat' dir='ltr'>De</span> <span class='ocrx_word' id='word_1_18' title='bbox 844 984 982 1060; x_wconf 80' lang='lat' dir='ltr'>ternpore</span> <span class='ocrx_word' id='word_1_19' title='bbox 1013 968 1215 1044; x_wconf 79' lang='lat' dir='ltr'>nativitatis</span> <span class='ocrx_word' id='word_1_20' title='bbox 1243 972 1308 1047; x_wconf 87' lang='lat' dir='ltr'>etsr</span> <span class='ocrx_word' id='word_1_21' title='bbox 1339 976 1398 1049; x_wconf 88' lang='lat' dir='ltr'>in·</span> 
     </span>
     <span class='ocr_line' id='line_1_4' title="bbox 176 1062 1399 1167; baseline 0.007 -33"><span class='ocrx_word' id='word_1_22' title='bbox 176 1083 226 1135; x_wconf 85' lang='lat' dir='ltr'>ter</span> <span class='ocrx_word' id='word_1_23' title='bbox 249 1062 444 1135; x_wconf 79' lang='lat' dir='ltr'>historicon</span> <span class='ocrx_word' id='word_1_24' title='bbox 465 1083 538 1135; x_wconf 89' lang='lat' dir='ltr'>non</span> <span class='ocrx_word' id='word_1_25' title='bbox 567 1066 761 1153; x_wconf 88' lang='lat' dir='ltr'>convenit,</span> <span class='ocrx_word' id='word_1_26' title='bbox 793 1086 872 1135; x_wconf 90' lang='lat' dir='ltr'>ctun</span> <span class='ocrx_word' id='word_1_27' title='bbox 898 1072 1012 1134; x_wconf 74' lang='lat' dir='ltr'>tamen</span> <span class='ocrx_word' id='word_1_28' title='bbox 1038 1064 1199 1161; x_wconf 84' lang='lat' dir='ltr'>Hegira,</span> <span class='ocrx_word' id='word_1_29' title='bbox 1228 1065 1289 1161; x_wconf 80' lang='lat' dir='ltr'>seu</span> <span class='ocrx_word' id='word_1_30' title='bbox 1312 1068 1399 1167; x_wconf 54' lang='lat' dir='ltr'>suff</span> 
     </span>
     <span class='ocr_line' id='line_1_5' title="bbox 180 1156 1403 1259; baseline 0.005 -26"><span class='ocrx_word' id='word_1_31' title='bbox 180 1158 465 1246; x_wconf 86' lang='lat' dir='ltr'>Muharurnedis,</span> <span class='ocrx_word' id='word_1_32' title='bbox 492 1156 530 1230; x_wconf 91' lang='lat' dir='ltr'>in</span> <span class='ocrx_word' id='word_1_33' title='bbox 555 1179 684 1231; x_wconf 90' lang='lat' dir='ltr'>annum</span> <span class='ocrx_word' id='word_1_34' title='bbox 710 1157 815 1231; x_wconf 84' lang='lat' dir='ltr'>seculi</span> <span class='ocrx_word' id='word_1_35' title='bbox 832 1161 954 1231; x_wconf 83' lang='lat' dir='ltr'>ardum</span> <span class='ocrx_word' id='word_1_36' title='bbox 969 1158 1123 1251; x_wconf 85' lang='lat' dir='ltr'>incidat,</span> <span class='ocrx_word' id='word_1_37' title='bbox 1149 1160 1293 1259; x_wconf 86' lang='lat' dir='ltr'>ipseque</span> <span class='ocrx_word' id='word_1_38' title='bbox 1318 1184 1403 1245; x_wconf 86' lang='lat' dir='ltr'>tuuc</span> 
     </span>
     <span class='ocr_line' id='line_1_6' title="bbox 174 1253 1397 1355; baseline 0.008 -28"><span class='ocrx_word' id='word_1_39' title='bbox 174 1254 334 1329; x_wconf 79' lang='lat' dir='ltr'>habuerit</span> <span class='ocrx_word' id='word_1_40' title='bbox 358 1276 472 1326; x_wconf 88' lang='lat' dir='ltr'>annor</span> <span class='ocrx_word' id='word_1_41' title='bbox 498 1274 581 1348; x_wconf 64' lang='lat'>53„</span> <span class='ocrx_word' id='word_1_42' title='bbox 609 1253 799 1353; x_wconf 85' lang='lat' dir='ltr'>(tredecim</span> <span class='ocrx_word' id='word_1_43' title='bbox 834 1253 932 1327; x_wconf 89' lang='lat' dir='ltr'>euim</span> <span class='ocrx_word' id='word_1_44' title='bbox 964 1276 1074 1328; x_wconf 89' lang='lat' dir='ltr'>annor</span> <span class='ocrx_word' id='word_1_45' title='bbox 1106 1275 1191 1331; x_wconf 85' lang='lat' dir='ltr'>ante</span> <span class='ocrx_word' id='word_1_46' title='bbox 1221 1258 1397 1355; x_wconf 86' lang='lat' dir='ltr'>Hegiram</span> 
     </span>
     <span class='ocr_line' id='line_1_7' title="bbox 172 1346 1397 1459; baseline 0.005 -36"><span class='ocrx_word' id='word_1_47' title='bbox 172 1352 367 1459; x_wconf 85' lang='lat' dir='ltr'>auspicatus</span> <span class='ocrx_word' id='word_1_48' title='bbox 394 1346 445 1422; x_wconf 92' lang='lat' dir='ltr'>est</span> <span class='ocrx_word' id='word_1_49' title='bbox 468 1372 612 1440; x_wconf 79' lang='lat' dir='ltr'>munus,</span> <span class='ocrx_word' id='word_1_50' title='bbox 659 1370 768 1423; x_wconf 85' lang='lat' dir='ltr'>annos</span> <span class='ocrx_word' id='word_1_51' title='bbox 791 1371 852 1441; x_wconf 82' lang='lat'>40.</span> <span class='ocrx_word' id='word_1_52' title='bbox 877 1367 1004 1438; x_wconf 88' lang='lat' dir='ltr'>natus,</span> <span class='ocrx_word' id='word_1_53' title='bbox 1047 1368 1088 1424; x_wconf 89' lang='lat' dir='ltr'>ut</span> <span class='ocrx_word' id='word_1_54' title='bbox 1122 1374 1208 1426; x_wconf 82' lang='lat' dir='ltr'>mox</span> <span class='ocrx_word' id='word_1_55' title='bbox 1241 1352 1397 1454; x_wconf 84' lang='lat' dir='ltr'>patebit)</span> 
     </span>
     <span class='ocr_line' id='line_1_8' title="bbox 171 1441 1392 1539; baseline 0.007 -20"><span class='ocrx_word' id='word_1_56' title='bbox 171 1445 337 1521; x_wconf 76' lang='lat' dir='ltr'>nativitas</span> <span class='ocrx_word' id='word_1_57' title='bbox 361 1444 438 1539; x_wconf 83' lang='lat' dir='ltr'>ejus</span> <span class='ocrx_word' id='word_1_58' title='bbox 469 1464 616 1539; x_wconf 86' lang='lat' dir='ltr'>oportet</span> <span class='ocrx_word' id='word_1_59' title='bbox 640 1441 741 1519; x_wconf 86' lang='lat' dir='ltr'>cadat</span> <span class='ocrx_word' id='word_1_60' title='bbox 779 1442 818 1517; x_wconf 91' lang='lat' dir='ltr'>in</span> <span class='ocrx_word' id='word_1_61' title='bbox 850 1444 919 1519; x_wconf 91' lang='lat' dir='ltr'>sec.</span> <span class='ocrx_word' id='word_1_62' title='bbox 946 1446 1013 1520; x_wconf 90' lang='lat' dir='ltr'>VI.</span> <span class='ocrx_word' id='word_1_63' title='bbox 1045 1468 1173 1522; x_wconf 91' lang='lat' dir='ltr'>annum</span> <span class='ocrx_word' id='word_1_64' title='bbox 1207 1456 1289 1539; x_wconf 88' lang='lat'>69.,</span> <span class='ocrx_word' id='word_1_65' title='bbox 1332 1454 1392 1527; x_wconf 89' lang='lat' dir='ltr'>ves</span> 
     </span>
     <span class='ocr_line' id='line_1_9' title="bbox 171 1540 1395 1636; baseline 0.007 -22"><span class='ocrx_word' id='word_1_66' title='bbox 171 1563 224 1636; x_wconf 69' lang='lat' dir='ltr'>ro.</span> <span class='ocrx_word' id='word_1_67' title='bbox 271 1542 347 1613; x_wconf 90' lang='lat' dir='ltr'>Ctri</span> <span class='ocrx_word' id='word_1_68' title='bbox 374 1562 485 1613; x_wconf 84' lang='lat' dir='ltr'>annua</span> <span class='ocrx_word' id='word_1_69' title='bbox 509 1547 591 1621; x_wconf 80' lang='lat'>882.</span> <span class='ocrx_word' id='word_1_70' title='bbox 617 1560 719 1613; x_wconf 85' lang='lat' dir='ltr'>aerae</span> <span class='ocrx_word' id='word_1_71' title='bbox 754 1540 1032 1629; x_wconf 80' lang='lat' dir='ltr'><strong>Alexandrinae,</strong></span> <span class='ocrx_word' id='word_1_72' title='bbox 1072 1544 1131 1617; x_wconf 89' lang='lat' dir='ltr'>cui</span> <span class='ocrx_word' id='word_1_73' title='bbox 1168 1546 1395 1623; x_wconf 82' lang='lat' dir='ltr'>nativitatem</span> 
     </span>
     <span class='ocr_line' id='line_1_10' title="bbox 170 1634 1396 1733; baseline 0.007 -22"><span class='ocrx_word' id='word_1_74' title='bbox 170 1640 235 1733; x_wconf 83' lang='lat' dir='ltr'>ejur</span> <span class='ocrx_word' id='word_1_75' title='bbox 254 1636 393 1733; x_wconf 77' lang='lat' dir='ltr'>adligat</span> <span class='ocrx_word' id='word_1_76' title='bbox 416 1634 637 1725; x_wconf 79' lang='lat' dir='ltr'>Elmacinur,</span> <span class='ocrx_word' id='word_1_77' title='bbox 662 1634 855 1709; x_wconf 85' lang='lat' dir='ltr'>convenit:</span> <span class='ocrx_word' id='word_1_78' title='bbox 881 1634 977 1708; x_wconf 82' lang='lat' dir='ltr'>addit</span> <span class='ocrx_word' id='word_1_79' title='bbox 1001 1634 1099 1709; x_wconf 89' lang='lat' dir='ltr'>enim</span> <span class='ocrx_word' id='word_1_80' title='bbox 1116 1640 1176 1713; x_wconf 88' lang='lat' dir='ltr'>isla</span> <span class='ocrx_word' id='word_1_81' title='bbox 1191 1660 1269 1713; x_wconf 90' lang='lat' dir='ltr'>aera</span> <span class='ocrx_word' id='word_1_82' title='bbox 1286 1662 1396 1721; x_wconf 80' lang='lat' dir='ltr'>annor</span> 
     </span>
     <span class='ocr_line' id='line_1_11' title="bbox 173 1728 1391 1828; baseline 0.006 -23"><span class='ocrx_word' id='word_1_83' title='bbox 173 1754 231 1827; x_wconf 71' lang='lat'>311</span> <span class='ocrx_word' id='word_1_84' title='bbox 254 1755 364 1805; x_wconf 88' lang='lat' dir='ltr'>aerae</span> <span class='ocrx_word' id='word_1_85' title='bbox 392 1728 620 1804; x_wconf 87' lang='lat' dir='ltr'>Christianae.</span> <span class='ocrx_word' id='word_1_86' title='bbox 666 1732 780 1803; x_wconf 90' lang='lat' dir='ltr'>Multi</span> <span class='ocrx_word' id='word_1_87' title='bbox 814 1753 953 1828; x_wconf 90' lang='lat' dir='ltr'>quoque</span> <span class='ocrx_word' id='word_1_88' title='bbox 976 1729 1112 1805; x_wconf 79' lang='lat' dir='ltr'>Arabes</span> <span class='ocrx_word' id='word_1_89' title='bbox 1141 1734 1238 1808; x_wconf 89' lang='lat' dir='ltr'>iuter</span> <span class='ocrx_word' id='word_1_90' title='bbox 1262 1736 1391 1817; x_wconf 81' lang='lat' dir='ltr'>curisti</span> 
     </span>
     <span class='ocr_line' id='line_1_12' title="bbox 174 1825 1388 1923; baseline 0.004 -22"><span class='ocrx_word' id='word_1_91' title='bbox 174 1848 207 1901; x_wconf 84' lang='lat' dir='ltr'>et</span> <span class='ocrx_word' id='word_1_92' title='bbox 227 1828 500 1901; x_wconf 84' lang='lat' dir='ltr'>Muhammedis</span> <span class='ocrx_word' id='word_1_93' title='bbox 525 1826 745 1899; x_wconf 84' lang='lat' dir='ltr'>nativitatem</span> <span class='ocrx_word' id='word_1_94' title='bbox 769 1848 877 1900; x_wconf 84' lang='lat' dir='ltr'>annor</span> <span class='ocrx_word' id='word_1_95' title='bbox 901 1826 1039 1899; x_wconf 87' lang='lat' dir='ltr'>tradunt</span> <span class='ocrx_word' id='word_1_96' title='bbox 1062 1825 1285 1903; x_wconf 79' lang='lat' dir='ltr'>intercesnffe</span> <span class='ocrx_word' id='word_1_97' title='bbox 1301 1854 1388 1923; x_wconf 81' lang='lat'>570.</span> 
     </span>
     <span class='ocr_line' id='line_1_13' title="bbox 170 1922 1389 2017; baseline 0.003 -21"><span class='ocrx_word' id='word_1_98' title='bbox 170 1924 361 2010; x_wconf 73' lang='lat' dir='ltr'>isiracula,</span> <span class='ocrx_word' id='word_1_99' title='bbox 397 1944 485 2015; x_wconf 89' lang='lat' dir='ltr'>quae</span> <span class='ocrx_word' id='word_1_100' title='bbox 510 1923 725 1994; x_wconf 84' lang='lat' dir='ltr'>nativitatem</span> <span class='ocrx_word' id='word_1_101' title='bbox 752 1922 827 2017; x_wconf 84' lang='lat' dir='ltr'>ejus</span> <span class='ocrx_word' id='word_1_102' title='bbox 857 1939 1039 1995; x_wconf 87' lang='lat' dir='ltr'>narrantur</span> <span class='ocrx_word' id='word_1_103' title='bbox 1062 1924 1105 1996; x_wconf 91' lang='lat' dir='ltr'>ab</span> <span class='ocrx_word' id='word_1_104' title='bbox 1129 1925 1305 1999; x_wconf 83' lang='lat' dir='ltr'>Arabibus</span> <span class='ocrx_word' id='word_1_105' title='bbox 1328 1950 1389 2003; x_wconf 85' lang='lat' dir='ltr'>cu·</span> 
     </span>
     <span class='ocr_line' id='line_1_14' title="bbox 169 2016 1388 2117; baseline 0.002 -26"><span class='ocrx_word' id='word_1_106' title='bbox 169 2022 306 2107; x_wconf 83' lang='lat' dir='ltr'>mirata,</span> <span class='ocrx_word' id='word_1_107' title='bbox 332 2038 375 2088; x_wconf 94' lang='lat' dir='ltr'>ut</span> <span class='ocrx_word' id='word_1_108' title='bbox 401 2040 458 2090; x_wconf 85' lang='lat' dir='ltr'>err.</span> <span class='ocrx_word' id='word_1_109' title='bbox 484 2038 519 2111; x_wconf 87' lang='lat' dir='ltr'>g.</span> <span class='ocrx_word' id='word_1_110' title='bbox 545 2016 637 2110; x_wconf 89' lang='lat' dir='ltr'>quod</span> <span class='ocrx_word' id='word_1_111' title='bbox 663 2037 776 2091; x_wconf 88' lang='lat' dir='ltr'>mater</span> <span class='ocrx_word' id='word_1_112' title='bbox 802 2017 872 2091; x_wconf 85' lang='lat' dir='ltr'>fine</span> <span class='ocrx_word' id='word_1_113' title='bbox 898 2017 1021 2090; x_wconf 85' lang='lat' dir='ltr'>dolore</span> <span class='ocrx_word' id='word_1_114' title='bbox 1045 2018 1157 2115; x_wconf 87' lang='lat' dir='ltr'>ipsunt</span> <span class='ocrx_word' id='word_1_115' title='bbox 1183 2023 1388 2117; x_wconf 80' lang='lat' dir='ltr'>pepererit,</span> 
     </span>
     <span class='ocr_line' id='line_1_15' title="bbox 170 2111 1391 2210; baseline 0.004 -22"><span class='ocrx_word' id='word_1_116' title='bbox 170 2116 183 2189; x_wconf 93' lang='lat' dir='ltr'>i</span> <span class='ocrx_word' id='word_1_117' title='bbox 203 2116 308 2209; x_wconf 83' lang='lat' dir='ltr'>seque</span> <span class='ocrx_word' id='word_1_118' title='bbox 337 2112 570 2187; x_wconf 86' lang='lat' dir='ltr'>circumcisus</span> <span class='ocrx_word' id='word_1_119' title='bbox 593 2111 697 2185; x_wconf 89' lang='lat' dir='ltr'>suerit</span> <span class='ocrx_word' id='word_1_120' title='bbox 720 2132 842 2202; x_wconf 84' lang='lat' dir='ltr'>natur,</span> <span class='ocrx_word' id='word_1_121' title='bbox 878 2112 922 2185; x_wconf 90' lang='lat' dir='ltr'>ad</span> <span class='ocrx_word' id='word_1_122' title='bbox 946 2116 1145 2210; x_wconf 78' lang='lat' dir='ltr'>exemplum</span> <span class='ocrx_word' id='word_1_123' title='bbox 1169 2116 1319 2207; x_wconf 73' lang='lat' dir='ltr'>didani,</span> <span class='ocrx_word' id='word_1_124' title='bbox 1352 2136 1391 2193; x_wconf 84' lang='lat' dir='ltr'>ot</span> 
     </span>
     <span class='ocr_line' id='line_1_16' title="bbox 170 2140 1386 2307; baseline 0.008 -24"><span class='ocrx_word' id='word_1_125' title='bbox 170 2140 336 2297; x_wconf 60' lang='lat' dir='ltr'>aiinrum,</span> <span class='ocrx_word' id='word_1_126' title='bbox 373 2228 412 2279; x_wconf 88' lang='lat' dir='ltr'>ut</span> <span class='ocrx_word' id='word_1_127' title='bbox 442 2206 732 2281; x_wconf 83' lang='lat' dir='ltr'>&#39;i&#39;aimudistarurn</span> <span class='ocrx_word' id='word_1_128' title='bbox 755 2206 935 2281; x_wconf 86' lang='lat' dir='ltr'>habent-fi</span> <span class='ocrx_word' id='word_1_129' title='bbox 961 2230 1099 2298; x_wconf 84' lang='lat' dir='ltr'>menta,</span> <span class='ocrx_word' id='word_1_130' title='bbox 1129 2210 1174 2285; x_wconf 89' lang='lat' dir='ltr'>de</span> <span class='ocrx_word' id='word_1_131' title='bbox 1211 2234 1281 2307; x_wconf 90' lang='lat' dir='ltr'>quo</span> <span class='ocrx_word' id='word_1_132' title='bbox 1313 2214 1386 2292; x_wconf 90' lang='lat' dir='ltr'>vid.</span> 
     </span>
     <span class='ocr_line' id='line_1_17' title="bbox 171 2231 1386 2405; baseline 0.006 -27"><span class='ocrx_word' id='word_1_133' title='bbox 171 2305 319 2405; x_wconf 79' lang='lat' dir='ltr'>Gagnier</span> <span class='ocrx_word' id='word_1_134' title='bbox 344 2306 387 2375; x_wconf 88' lang='lat' dir='ltr'>ad</span> <span class='ocrx_word' id='word_1_135' title='bbox 415 2303 566 2375; x_wconf 82' lang='lat' dir='ltr'>Abuised</span> <span class='ocrx_word' id='word_1_136' title='bbox 603 2306 708 2392; x_wconf 59' lang='lat' dir='ltr'>c.&lt;s.‚</span> <span class='ocrx_word' id='word_1_137' title='bbox 751 2323 791 2376; x_wconf 82' lang='lat' dir='ltr'>et</span> <span class='ocrx_word' id='word_1_138' title='bbox 824 2231 966 2376; x_wconf 67' lang='lat' dir='ltr'>necocia</span> <span class='ocrx_word' id='word_1_139' title='bbox 996 2302 1192 2399; x_wconf 85' lang='lat' dir='ltr'>specimen..</span> <span class='ocrx_word' id='word_1_140' title='bbox 1221 2307 1386 2389; x_wconf 81' lang='lat' dir='ltr'>historiae</span> 
     </span>
     <span class='ocr_line' id='line_1_18' title="bbox 167 2398 1387 2494; baseline 0.004 -18"><span class='ocrx_word' id='word_1_141' title='bbox 167 2406 315 2476; x_wconf 81' lang='lat' dir='ltr'>sirabum</span> <span class='ocrx_word' id='word_1_142' title='bbox 334 2424 372 2494; x_wconf 91' lang='lat' dir='ltr'>p.</span> <span class='ocrx_word' id='word_1_143' title='bbox 390 2421 496 2492; x_wconf 70' lang='lat' dir='ltr'>gru,</span> <span class='ocrx_word' id='word_1_144' title='bbox 522 2420 680 2493; x_wconf 85' lang='lat' dir='ltr'>tanquam</span> <span class='ocrx_word' id='word_1_145' title='bbox 701 2398 824 2471; x_wconf 82' lang='lat' dir='ltr'>nullius</span> <span class='ocrx_word' id='word_1_146' title='bbox 841 2398 972 2494; x_wconf 90' lang='lat' dir='ltr'>pretii,</span> <span class='ocrx_word' id='word_1_147' title='bbox 995 2419 1032 2473; x_wconf 88' lang='lat' dir='ltr'>et</span> <span class='ocrx_word' id='word_1_148' title='bbox 1049 2401 1263 2488; x_wconf 87' lang='lat' dir='ltr'>autoritatis,</span> <span class='ocrx_word' id='word_1_149' title='bbox 1288 2406 1387 2482; x_wconf 73' lang='lat' dir='ltr'>missa</span> 
     </span>
     <span class='ocr_line' id='line_1_19' title="bbox 169 2494 1381 2588; baseline 0.003 -19"><span class='ocrx_word' id='word_1_150' title='bbox 169 2498 273 2585; x_wconf 85' lang='lat' dir='ltr'>satio,</span> <span class='ocrx_word' id='word_1_151' title='bbox 300 2516 338 2567; x_wconf 85' lang='lat' dir='ltr'>et</span> <span class='ocrx_word' id='word_1_152' title='bbox 367 2510 410 2565; x_wconf 80' lang='lat' dir='ltr'>ad</span> <span class='ocrx_word' id='word_1_153' title='bbox 435 2495 679 2567; x_wconf 83' lang='lat' dir='ltr'>educationem</span> <span class='ocrx_word' id='word_1_154' title='bbox 703 2519 745 2567; x_wconf 88' lang='lat' dir='ltr'>nc</span> <span class='ocrx_word' id='word_1_155' title='bbox 768 2496 877 2567; x_wconf 84' lang='lat' dir='ltr'>vitam</span> <span class='ocrx_word' id='word_1_156' title='bbox 901 2494 975 2588; x_wconf 79' lang='lat' dir='ltr'>eJur</span> <span class='ocrx_word' id='word_1_157' title='bbox 998 2514 1080 2569; x_wconf 90' lang='lat' dir='ltr'>ante</span> <span class='ocrx_word' id='word_1_158' title='bbox 1097 2520 1225 2571; x_wconf 89' lang='lat' dir='ltr'>aunum</span> <span class='ocrx_word' id='word_1_159' title='bbox 1244 2522 1381 2588; x_wconf 52' lang='lat' dir='ltr'>asomum</span> 
     </span>
     <span class='ocr_line' id='line_1_20' title="bbox 168 2588 1376 2687; baseline 0.005 -22"><span class='ocrx_word' id='word_1_160' title='bbox 168 2594 305 2666; x_wconf 82' lang='lat' dir='ltr'>aetatis.</span> <span class='ocrx_word' id='word_1_161' title='bbox 334 2614 407 2682; x_wconf 90' lang='lat' dir='ltr'>quo</span> <span class='ocrx_word' id='word_1_162' title='bbox 435 2590 641 2682; x_wconf 74' lang='lat' dir='ltr'>prophetam</span> <span class='ocrx_word' id='word_1_163' title='bbox 668 2612 772 2687; x_wconf 84' lang='lat' dir='ltr'>agere</span> <span class='ocrx_word' id='word_1_164' title='bbox 795 2588 937 2683; x_wconf 90' lang='lat' dir='ltr'>coepit,</span> <span class='ocrx_word' id='word_1_165' title='bbox 962 2613 1084 2685; x_wconf 85' lang='lat' dir='ltr'>pergo.</span> <span class='ocrx_word' id='word_1_166' title='bbox 1128 2660 1135 2670; x_wconf 82' lang='grc'><strong>,</strong></span> <span class='ocrx_word' id='word_1_167' title='bbox 1371 2658 1376 2671; x_wconf 94' lang='grc'><em>,</em></span> 
     </span>
     <span class='ocr_line' id='line_1_21' title="bbox 208 2683 1383 2785; baseline 0.009 -27"><span class='ocrx_word' id='word_1_168' title='bbox 208 2688 239 2785; x_wconf 62' lang='lat' dir='ltr'>s.</span> <span class='ocrx_word' id='word_1_169' title='bbox 266 2686 452 2759; x_wconf 77' lang='lat' dir='ltr'>LXXXII.</span> <span class='ocrx_word' id='word_1_170' title='bbox 493 2686 722 2779; x_wconf 71' lang='lat' dir='ltr'>nunejus,</span> <span class='ocrx_word' id='word_1_171' title='bbox 767 2706 805 2756; x_wconf 91' lang='lat' dir='ltr'>ut</span> <span class='ocrx_word' id='word_1_172' title='bbox 837 2685 1035 2759; x_wconf 85' lang='lat' dir='ltr'>Elmacinus</span> <span class='ocrx_word' id='word_1_173' title='bbox 1069 2683 1206 2777; x_wconf 86' lang='lat' dir='ltr'>refert,</span> <span class='ocrx_word' id='word_1_174' title='bbox 1247 2690 1383 2781; x_wconf 81' lang='lat' dir='ltr'>duobua</span> 
     </span>
     <span class='ocr_line' id='line_1_22' title="bbox 162 2778 1379 2867; baseline -0.002 -8"><span class='ocrx_word' id='word_1_175' title='bbox 162 2784 333 2859; x_wconf 73' lang='lat' dir='ltr'>mensibus</span> <span class='ocrx_word' id='word_1_176' title='bbox 355 2803 441 2853; x_wconf 85' lang='lat' dir='ltr'>aute</span> <span class='ocrx_word' id='word_1_177' title='bbox 462 2778 903 2865; x_wconf 59' lang='lat' dir='ltr'>nativitatemdesuneto„</span> <span class='ocrx_word' id='word_1_178' title='bbox 919 2799 957 2853; x_wconf 91' lang='lat' dir='ltr'>et</span> <span class='ocrx_word' id='word_1_179' title='bbox 983 2797 1112 2867; x_wconf 76' lang='lat' dir='ltr'>matta,</span> <span class='ocrx_word' id='word_1_180' title='bbox 1136 2805 1216 2863; x_wconf 86' lang='lat' dir='ltr'>cum</span> <span class='ocrx_word' id='word_1_181' title='bbox 1239 2788 1303 2865; x_wconf 80' lang='lat' dir='ltr'>&#39;sex</span> <span class='ocrx_word' id='word_1_182' title='bbox 1327 2788 1379 2863; x_wconf 74' lang='lat' dir='ltr'>as·</span> 
     </span>
     <span class='ocr_line' id='line_1_23' title="bbox 163 2875 1382 2972; baseline 0.009 -32"><span class='ocrx_word' id='word_1_183' title='bbox 163 2884 209 2955; x_wconf 65' lang='lat' dir='ltr'>stt</span> <span class='ocrx_word' id='word_1_184' title='bbox 233 2901 430 2964; x_wconf 68' lang='lat' dir='ltr'>annorum,</span> <span class='ocrx_word' id='word_1_185' title='bbox 457 2898 525 2946; x_wconf 81' lang='lat' dir='ltr'>avo</span> <span class='ocrx_word' id='word_1_186' title='bbox 552 2898 707 2972; x_wconf 84' lang='lat' dir='ltr'>quoque,</span> <span class='ocrx_word' id='word_1_187' title='bbox 733 2876 790 2947; x_wconf 91' lang='lat' dir='ltr'>cui</span> <span class='ocrx_word' id='word_1_188' title='bbox 811 2875 957 2947; x_wconf 88' lang='lat' dir='ltr'>traditur</span> <span class='ocrx_word' id='word_1_189' title='bbox 973 2893 1045 2946; x_wconf 85' lang='lat' dir='ltr'>erat</span> <span class='ocrx_word' id='word_1_190' title='bbox 1062 2878 1278 2969; x_wconf 69' lang='lat' dir='ltr'>educandus,</span> <span class='ocrx_word' id='word_1_191' title='bbox 1305 2882 1382 2967; x_wconf 56' lang='lat' dir='ltr'>Aba</span> 
     </span>
     <span class='ocr_line' id='line_1_24' title="bbox 165 2968 1381 3074; baseline 0.003 -25"><span class='ocrx_word' id='word_1_192' title='bbox 165 2975 398 3060; x_wconf 66' lang='lat' dir='ltr'>drlrnutaleb,</span> <span class='ocrx_word' id='word_1_193' title='bbox 415 3008 421 3037; x_wconf 82' lang='lat' dir='ltr'>t</span> <span class='ocrx_word' id='word_1_194' title='bbox 439 2994 548 3043; x_wconf 83' lang='lat' dir='ltr'>anuos</span> <span class='ocrx_word' id='word_1_195' title='bbox 573 2992 593 3042; x_wconf 86' lang='lat' dir='ltr'>a</span> <span class='ocrx_word' id='word_1_196' title='bbox 627 2970 726 3065; x_wconf 85' lang='lat' dir='ltr'>po&#39;st,</span> <span class='ocrx_word' id='word_1_197' title='bbox 748 2968 971 3045; x_wconf 79' lang='lat' dir='ltr'>:educationi</span> <span class='ocrx_word' id='word_1_198' title='bbox 1004 2972 1078 3064; x_wconf 89' lang='lat' dir='ltr'>ejus</span> <span class='ocrx_word' id='word_1_199' title='bbox 1094 2988 1223 3055; x_wconf 75' lang='lat' dir='ltr'>,tutam</span> <span class='ocrx_word' id='word_1_200' title='bbox 1249 2976 1381 3074; x_wconf 85' lang='lat' dir='ltr'>inpen-</span> 
     </span>
     <span class='ocr_line' id='line_1_25' title="bbox 161 3062 1380 3171; baseline 0.006 -30"><span class='ocrx_word' id='word_1_201' title='bbox 161 3072 211 3147; x_wconf 90' lang='lat' dir='ltr'>dit</span> <span class='ocrx_word' id='word_1_202' title='bbox 239 3090 390 3167; x_wconf 82' lang='lat' dir='ltr'>patruus</span> <span class='ocrx_word' id='word_1_203' title='bbox 414 3066 491 3161; x_wconf 77' lang='lat' dir='ltr'>ejus</span> <span class='ocrx_word' id='word_1_204' title='bbox 516 3067 702 3143; x_wconf 83' lang='lat' dir='ltr'>Abutaieb.</span> <span class='ocrx_word' id='word_1_205' title='bbox 724 3062 851 3161; x_wconf 71' lang='lat' dir='ltr'>&#39;2Quae</span> <span class='ocrx_word' id='word_1_206' title='bbox 874 3088 961 3139; x_wconf 81' lang='lat' dir='ltr'>ueto</span> <span class='ocrx_word' id='word_1_207' title='bbox 984 3065 1046 3160; x_wconf 82' lang='lat' dir='ltr'>ipsi</span> <span class='ocrx_word' id='word_1_208' title='bbox 1073 3070 1125 3147; x_wconf 78' lang='lat' dir='ltr'>ab</span> <span class='ocrx_word' id='word_1_209' title='bbox 1159 3091 1205 3142; x_wconf 88' lang='lat' dir='ltr'>eo</span> <span class='ocrx_word' id='word_1_210' title='bbox 1240 3090 1380 3171; x_wconf 81' lang='lat' dir='ltr'>tempo-j</span> 
     </span>
     <span class='ocr_line' id='line_1_26' title="bbox 156 3160 1378 3253; baseline 0.007 -15"><span class='ocrx_word' id='word_1_211' title='bbox 156 3166 441 3251; x_wconf 83' lang='lat' dir='ltr'>reacciderunt,</span> <span class='ocrx_word' id='word_1_212' title='bbox 475 3163 520 3233; x_wconf 88' lang='lat' dir='ltr'>ob</span> <span class='ocrx_word' id='word_1_213' title='bbox 545 3160 668 3235; x_wconf 83' lang='lat' dir='ltr'>multas</span> <span class='ocrx_word' id='word_1_214' title='bbox 694 3160 864 3235; x_wconf 83' lang='lat' dir='ltr'>admixtas</span> <span class='ocrx_word' id='word_1_215' title='bbox 890 3160 1037 3251; x_wconf 83' lang='lat' dir='ltr'>subulas,</span> <span class='ocrx_word' id='word_1_216' title='bbox 1062 3161 1253 3243; x_wconf 83' lang='lat' dir='ltr'>incertiora</span> <span class='ocrx_word' id='word_1_217' title='bbox 1289 3173 1378 3253; x_wconf 86' lang='lat' dir='ltr'>suut.</span> 
     </span>
     <span class='ocr_line' id='line_1_27' title="bbox 155 3255 1378 3359; baseline 0.001 -22"><span class='ocrx_word' id='word_1_218' title='bbox 155 3265 238 3337; x_wconf 85' lang='lat' dir='ltr'>iilud</span> <span class='ocrx_word' id='word_1_219' title='bbox 261 3264 299 3333; x_wconf 91' lang='lat' dir='ltr'>in</span> <span class='ocrx_word' id='word_1_220' title='bbox 320 3280 452 3355; x_wconf 84' lang='lat' dir='ltr'>genere</span> <span class='ocrx_word' id='word_1_221' title='bbox 468 3255 619 3345; x_wconf 79' lang='lat' dir='ltr'>constat,</span> <span class='ocrx_word' id='word_1_222' title='bbox 644 3280 724 3331; x_wconf 88' lang='lat' dir='ltr'>eum</span> <span class='ocrx_word' id='word_1_223' title='bbox 742 3255 941 3350; x_wconf 87' lang='lat' dir='ltr'>Chadigae‚</span> <span class='ocrx_word' id='word_1_224' title='bbox 964 3258 1021 3332; x_wconf 89' lang='lat' dir='ltr'>vel</span> <span class='ocrx_word' id='word_1_225' title='bbox 1052 3258 1261 3357; x_wconf 83' lang='lat' dir='ltr'>cnadizjae,</span> <span class='ocrx_word' id='word_1_226' title='bbox 1288 3290 1378 3359; x_wconf 88' lang='lat' dir='ltr'>opu·</span> 
     </span>
     <span class='ocr_line' id='line_1_28' title="bbox 155 3350 1380 3445; baseline 0.002 -14"><span class='ocrx_word' id='word_1_227' title='bbox 155 3358 366 3433; x_wconf 85' lang='lat' dir='ltr'>irntiffimae</span> <span class='ocrx_word' id='word_1_228' title='bbox 390 3351 492 3425; x_wconf 85' lang='lat' dir='ltr'>alicui</span> <span class='ocrx_word' id='word_1_229' title='bbox 528 3353 679 3440; x_wconf 85' lang='lat' dir='ltr'>viduae,</span> <span class='ocrx_word' id='word_1_230' title='bbox 723 3350 825 3427; x_wconf 87' lang='lat' dir='ltr'>suisse</span> <span class='ocrx_word' id='word_1_231' title='bbox 856 3352 1043 3441; x_wconf 88' lang='lat' dir='ltr'>traditum,</span> <span class='ocrx_word' id='word_1_232' title='bbox 1084 3373 1123 3427; x_wconf 92' lang='lat' dir='ltr'>ut</span> <span class='ocrx_word' id='word_1_233' title='bbox 1149 3357 1183 3431; x_wconf 90' lang='lat' dir='ltr'>ei</span> <span class='ocrx_word' id='word_1_234' title='bbox 1218 3361 1259 3445; x_wconf 86' lang='lat' dir='ltr'>iu¹</span> <span class='ocrx_word' id='word_1_235' title='bbox 1287 3386 1380 3441; x_wconf 85' lang='lat' dir='ltr'>mer·</span> 
     </span>
     <span class='ocr_line' id='line_1_29' title="bbox 159 3445 1381 3558; baseline 0.002 -29"><span class='ocrx_word' id='word_1_236' title='bbox 159 3476 276 3529; x_wconf 82' lang='lat' dir='ltr'>cutura</span> <span class='ocrx_word' id='word_1_237' title='bbox 299 3450 513 3523; x_wconf 77' lang='lat' dir='ltr'>inserviret.</span> <span class='ocrx_word' id='word_1_238' title='bbox 572 3446 678 3558; x_wconf 76' lang='lat' dir='ltr'>ond</span> <span class='ocrx_word' id='word_1_239' title='bbox 711 3466 807 3521; x_wconf 89' lang='lat' dir='ltr'>tanta</span> <span class='ocrx_word' id='word_1_240' title='bbox 836 3445 924 3525; x_wconf 81' lang='lat' dir='ltr'>secit</span> <span class='ocrx_word' id='word_1_241' title='bbox 941 3448 1197 3541; x_wconf 78' lang='lat' dir='ltr'>¹dexteritate,</span> <span class='ocrx_word' id='word_1_242' title='bbox 1228 3472 1277 3531; x_wconf 74' lang='lat' dir='ltr'>,ut</span> <span class='ocrx_word' id='word_1_243' title='bbox 1304 3458 1381 3553; x_wconf 84' lang='lat' dir='ltr'>ejut</span> 
     </span>
     <span class='ocr_line' id='line_1_30' title="bbox 160 3541 1383 3647; baseline 0.002 -26"><span class='ocrx_word' id='word_1_244' title='bbox 160 3548 312 3623; x_wconf 83' lang='lat' dir='ltr'>atn&#39;tnum</span> <span class='ocrx_word' id='word_1_245' title='bbox 337 3544 402 3619; x_wconf 89' lang='lat' dir='ltr'>srbi</span> <span class='ocrx_word' id='word_1_246' title='bbox 427 3541 869 3639; x_wconf 87' lang='lat' dir='ltr'>devinxer1t‚ipsaque··ei</span> <span class='ocrx_word' id='word_1_247' title='bbox 895 3544 1059 3639; x_wconf 85' lang='lat' dir='ltr'>nupserit.</span> <span class='ocrx_word' id='word_1_248' title='bbox 1105 3546 1247 3627; x_wconf 77' lang='lat' dir='ltr'>Praeter</span> <span class='ocrx_word' id='word_1_249' title='bbox 1277 3574 1383 3647; x_wconf 83' lang='lat' dir='ltr'>quant</span> 
     </span>
     <span class='ocr_line' id='line_1_31' title="bbox 157 3637 1382 3728; baseline 0.007 -14"><span class='ocrx_word' id='word_1_250' title='bbox 157 3644 329 3721; x_wconf 75' lang='lat' dir='ltr'>tredecim</span> <span class='ocrx_word' id='word_1_251' title='bbox 360 3637 442 3713; x_wconf 87' lang='lat' dir='ltr'>alias</span> <span class='ocrx_word' id='word_1_252' title='bbox 460 3640 585 3713; x_wconf 74' lang='lat' dir='ltr'>habuit</span> <span class='ocrx_word' id='word_1_253' title='bbox 611 3662 755 3728; x_wconf 77' lang='lat' dir='ltr'>uxores,</span> <span class='ocrx_word' id='word_1_254' title='bbox 788 3638 844 3711; x_wconf 89' lang='lat' dir='ltr'>seu</span> <span class='ocrx_word' id='word_1_255' title='bbox 866 3638 1053 3719; x_wconf 89' lang='lat' dir='ltr'>secundum</span> <span class='ocrx_word' id='word_1_256' title='bbox 1076 3644 1259 3723; x_wconf 78' lang='lat' dir='ltr'>nonnullos</span> <span class='ocrx_word' id='word_1_257' title='bbox 1285 3649 1382 3723; x_wconf 85' lang='lat' dir='ltr'>sade·</span> 
     </span>
     <span class='ocr_line' id='line_1_32' title="bbox 157 3734 1381 3837; baseline 0.011 -27"><span class='ocrx_word' id='word_1_258' title='bbox 157 3744 250 3826; x_wconf 74' lang='lat' dir='ltr'>eim,</span> <span class='ocrx_word' id='word_1_259' title='bbox 278 3757 343 3811; x_wconf 91' lang='lat' dir='ltr'>aut</span> <span class='ocrx_word' id='word_1_260' title='bbox 366 3734 515 3831; x_wconf 85' lang='lat' dir='ltr'>viginti,</span> <span class='ocrx_word' id='word_1_261' title='bbox 547 3738 628 3809; x_wconf 86' lang='lat' dir='ltr'>iicet</span> <span class='ocrx_word' id='word_1_262' title='bbox 650 3756 723 3807; x_wconf 91' lang='lat' dir='ltr'>nou</span> <span class='ocrx_word' id='word_1_263' title='bbox 746 3755 867 3807; x_wconf 81' lang='lat' dir='ltr'>omnes</span> <span class='ocrx_word' id='word_1_264' title='bbox 893 3734 1001 3811; x_wconf 88' lang='lat' dir='ltr'>stmul.</span> <span class='ocrx_word' id='word_1_265' title='bbox 1036 3734 1218 3837; x_wconf 81' lang='lat' dir='ltr'>:Quatuor</span> <span class='ocrx_word' id='word_1_266' title='bbox 1250 3743 1381 3823; x_wconf 78' lang='lat' dir='ltr'>licebat</span> 
     </span>
     <span class='ocr_line' id='line_1_33' title="bbox 154 3829 1381 3928; baseline -0.002 -13"><span class='ocrx_word' id='word_1_267' title='bbox 154 3840 253 3915; x_wconf 80' lang='lat' dir='ltr'>fimus</span> <span class='ocrx_word' id='word_1_268' title='bbox 279 3836 417 3907; x_wconf 81' lang='lat' dir='ltr'>habere</span> <span class='ocrx_word' id='word_1_269' title='bbox 441 3854 486 3903; x_wconf 84' lang='lat' dir='ltr'>ex</span> <span class='ocrx_word' id='word_1_270' title='bbox 509 3832 588 3928; x_wconf 83' lang='lat' dir='ltr'>iege</span> <span class='ocrx_word' id='word_1_271' title='bbox 613 3829 809 3904; x_wconf 86' lang='lat' dir='ltr'>Muhamm.</span> <span class='ocrx_word' id='word_1_272' title='bbox 836 3830 1006 3907; x_wconf 57' lang='lat' dir='ltr'>Sura-IV:</span> <span class='ocrx_word' id='word_1_273' title='bbox 1033 3855 1065 3927; x_wconf 76' lang='lat'>3.</span> <span class='ocrx_word' id='word_1_274' title='bbox 1093 3831 1177 3909; x_wconf 89' lang='lat' dir='ltr'>Vid.</span> <span class='ocrx_word' id='word_1_275' title='bbox 1203 3853 1241 3908; x_wconf 91' lang='lat' dir='ltr'>et</span> <span class='ocrx_word' id='word_1_276' title='bbox 1270 3840 1381 3913; x_wconf 76' lang='lat' dir='ltr'>Abul-</span> 
     </span>
     <span class='ocr_line' id='line_1_34' title="bbox 152 3925 1383 4027; baseline -0.002 -16"><span class='ocrx_word' id='word_1_277' title='bbox 152 3936 236 4011; x_wconf 82' lang='lat' dir='ltr'>seda</span> <span class='ocrx_word' id='word_1_278' title='bbox 260 3954 343 4027; x_wconf 90' lang='lat' dir='ltr'>cap.</span> <span class='ocrx_word' id='word_1_279' title='bbox 370 3932 450 4009; x_wconf 77' lang='lat'>68..</span> <span class='ocrx_word' id='word_1_280' title='bbox 476 3926 540 3998; x_wconf 79' lang='lat' dir='ltr'>nist</span> <span class='ocrx_word' id='word_1_281' title='bbox 565 3927 854 4021; x_wconf 85' lang='lat' dir='ltr'>Multammedem</span> <span class='ocrx_word' id='word_1_282' title='bbox 875 3925 1115 4023; x_wconf 78' lang='lat' dir='ltr'>quirveiitab</span> <span class='ocrx_word' id='word_1_283' title='bbox 1131 3952 1173 4005; x_wconf 89' lang='lat' dir='ltr'>ea</span> <span class='ocrx_word' id='word_1_284' title='bbox 1188 3930 1219 4007; x_wconf 90' lang='lat' dir='ltr'>le</span> <span class='ocrx_word' id='word_1_285' title='bbox 1245 3932 1383 4009; x_wconf 83' lang='lat' dir='ltr'>efniffe</span> 
     </span>
     <span class='ocr_line' id='line_1_35' title="bbox 152 3956 1384 4123; baseline 0.003 -25"><span class='ocrx_word' id='word_1_286' title='bbox 152 4032 322 4113; x_wconf 63' lang='lat' dir='ltr'>iberum.</span> <span class='ocrx_word' id='word_1_287' title='bbox 360 4021 569 4099; x_wconf 78' lang='lat' dir='ltr'>Occasione</span> <span class='ocrx_word' id='word_1_288' title='bbox 592 4042 824 4112; x_wconf 73' lang='lat' dir='ltr'>mercaturae,</span> <span class='ocrx_word' id='word_1_289' title='bbox 854 4046 922 4121; x_wconf 83' lang='lat' dir='ltr'>per</span> <span class='ocrx_word' id='word_1_290' title='bbox 943 4024 1057 4123; x_wconf 84' lang='lat' dir='ltr'><strong>AE&#39;gy</strong></span> <span class='ocrx_word' id='word_1_291' title='bbox 1084 4044 1181 4115; x_wconf 82' lang='lat' dir='ltr'>tum,</span> <span class='ocrx_word' id='word_1_292' title='bbox 1221 3956 1384 4102; x_wconf 62' lang='lat' dir='ltr'>instesti-</span> 
     </span>
     <span class='ocr_line' id='line_1_36' title="bbox 152 4047 1387 4291; baseline -0.001 -92"><span class='ocrx_word' id='word_1_293' title='bbox 152 4134 270 4221; x_wconf 50' lang='grc' dir='ltr'>κως·</span> <span class='ocrx_word' id='word_1_294' title='bbox 284 4120 395 4200; x_wconf 84' lang='lat' dir='ltr'>eriam</span> <span class='ocrx_word' id='word_1_295' title='bbox 411 4118 925 4291; x_wconf 55' lang='lat' dir='ltr'>Syriam,uesteaippisrdar.</span> <span class='ocrx_word' id='word_1_296' title='bbox 947 4047 1181 4217; x_wconf 55' lang='lat' dir='ltr'>aausi&#39;ur&#39;d.</span> <span class='ocrx_word' id='word_1_297' title='bbox 1206 4117 1387 4234; x_wconf 63' lang='lat' dir='ltr'>Gauuier„</span> 
     </span>
     <span class='ocr_line' id='line_1_37' title="bbox 158 4234 1394 4303; baseline 0.006 -7"><span class='ocrx_word' id='word_1_298' title='bbox 158 4274 182 4303; x_wconf 59' lang='lat' dir='ltr'>a.</span> <span class='ocrx_word' id='word_1_299' title='bbox 255 4234 264 4297; x_wconf 92' lang='lat'>&#39;.</span> <span class='ocrx_word' id='word_1_300' title='bbox 800 4235 823 4291; x_wconf 78' lang='lat'>2</span> <span class='ocrx_word' id='word_1_301' title='bbox 1351 4238 1394 4303; x_wconf 76' lang='lat' dir='ltr'>tu</span> 
     </span>
    </p>
   </div>
   <div class='ocr_carea' id='block_1_3' title="bbox 0 0 1556 4814">
    <p class='ocr_par' dir='ltr' id='par_1_3' title="bbox 0 0 1556 4814">
     <span class='ocr_line' id='line_1_38' title="bbox 0 0 1556 4814; baseline 0 6"><span class='ocrx_word' id='word_1_302' title='bbox 0 0 1556 4814; x_wconf 95' lang='lat' dir='ltr'> </span> 
     </span>
    </p>
   </div>
  </div>
 </body>
</html>
