3146 4458
263 225 344 322 3282
645 211 797 314 iustitia
816 203 945 316 Boules.
966 203 1089 314 'Christ

271 393 325 472 est
348 389 444 470 enirn
465 363 582 464 denuo
605 386 666 466 sub
695 391 821 468 Leone
843 389 1062 492 Philosopho
1087 391 1295 562 Inperatole
1320 385 1489 486 depolitut

272 515 304 568 a.
330 495 436 578 886„
470 485 647 561 accusatus
668 487 871 563 insidiarum
907 489 1023 562 Leoni
1049 483 1119 562 stru
1155 511 1252 562 arum
1270 509 1354 564 cum
1380 485 1489 558 Theo·

272 589 361 662 doro
392 583 655 674 Sintabarcno,
693 601 732 658 ct
753 585 791 660 in
813 584 960 660 exilium
981 581 1117 681 pulsus,
1158 586 1218 658 vel
1243 581 1283 658 in
1321 579 1486 656 monme-

273 682 367 755 rium
395 680 591 774 relegatum
616 679 655 753 in
679 699 752 778 quo
775 680 873 755 vixit
893 679 999 776 usque
1023 679 1066 753 ad
1089 703 1119 755 a.
1146 686 1252 772 891.‚
1277 694 1318 752 ut
1345 697 1392 752 ex
1412 679 1487 752 bre·

276 776 394 854 viario
418 775 560 850 Graeco
584 776 720 872 Synodi
744 778 848 852 CPol.
872 776 980 850 Vlll.
1006 775 1206 875 colligitur,

325 871 359 971 5.
383 870 535 948 ccelll.
559 871 658 945 lnter
680 869 808 970 scripta
829 869 947 945 Photii
962 868 1121 947 eminent
1136 868 1374 957 Bibliotheca,
1400 863 1492 963 Epil-

275 969 391 1060 tolac,
430 985 469 1040 et
503 963 747 1042 Noinocanon
775 969 860 1065 ejui.
912 967 956 1040 ln
979 967 1205 1059 Bibliotheca,
1238 989 1326 1066 quae
1349 965 1495 1041 Veteiea

274 1067 405 1152 libror,
428 1061 488 1138 seu
504 1061 647 1138 codicei
663 1071 756 1155 280,
780 1060 963 1155 continet,
987 1061 1094 1137 tradit
1111 1083 1234 1139 eorum
1250 1077 1438 1158 excerpta,
1460 1073 1495 1132 et

276 1159 450 1262 judiciuin
471 1157 544 1232 fert
567 1154 728 1234 criticum
741 1159 787 1234 de
803 1181 926 1234 eorum
945 1157 1126 1253 doctrina,
1150 1157 1249 1249 stilo,
1274 1178 1312 1233 et
1327 1157 1496 1252 aliliqui⁴

276 1257 445 1337 litatibui.
494 1253 602 1355 Quod
625 1277 714 1351 opui
742 1274 825 1330 aute
855 1255 1127 1330 Patriarchatum
1159 1253 1382 1352 composuit,
1415 1265 1499 1324 tem*

277 1377 370 1454 pore
390 1353 423 1426 le
470 1350 578 1426 tionii
600 1349 640 1424 in
664 1349 856 1460 Aliyriam,
890 1369 930 1425 ut
953 1349 1086 1447 ipsein
1108 1349 1255 1448 epistola
1287 1349 1332 1425 ad
1368 1343 1495 1422 Tutili·

280 1473 341 1524 um
373 1373 539 1540 tegrin,
578 1462 618 1519 et
648 1466 745 1519 varie
778 1444 832 1522 est
862 1445 1018 1537 editum,
1059 1447 1188 1522 ultimo
1213 1445 1434 1542 Rothomag.
1464 1461 1492 1517 i.

281 1552 416 1658 1933„
442 1541 561 1652 multia
575 1537 781 1614 nominibus
795 1539 1019 1618 utiliffimum.
1035 1635 1044 1652 .
1059 1539 1227 1640 Epistulae
1241 1563 1333 1617 vcro
1350 1547 1418 1652 aab
1441 1559 1495 1612 va·

276 1635 1495 1845 11111111111111111111111

279 1849 440 1930 egregtia
464 1825 516 1902 est
533 1836 641 1926 primu
667 1827 710 1940 ad
735 1829 974 1940 Michaelem,
988 1829 1185 1940 'Bulg'ariae
1209 1845 1428 1924 principem,
1451 1825 1491 1898 de

277 1927 373 2125 {il
392 1927 430 2095 ξε
458 1923 1487 2192 111111110111111111111111

280 2115 538 2207 controverfis,
562 2117 605 2192 in
626 2113 744 2211 specie
781 2114 941 2213 respectu
964 2137 1073 2214 proce
1112 2118 1191 2191 onii
1213 2113 1366 2211 Spiritui
1392 2115 1425 2188 S.
1448 2131 1490 2184 cx
1549 2183 1550 2201 ³

280 2218 397 2294 Patre.
454 2215 677 2302 Numicium,
719 2209 818 2286 varie
842 2211 959 2286 editui
989 2234 1072 2286 cuin
1103 2213 1310 2289 Balsamonii
1340 2206 1488 2295 scholiis,

127 2391 131 2402 ,
282 2303 551 2408 compkliitur,
578 2305 724 2382 undeet
742 2324 872 2380 nomen
887 2305 1033 2381 tracium
1050 2303 1122 2400 est,
1145 2305 1367 2382 harmoniam
1379 2307 1487 2402 legum

281 2407 504 2508 Inperialium
529 2421 566 2480 ct
597 2423 771 2504 canonum
802 2398 1142 2495 Ecclesiasticorum,
1191 2423 1257 2502 per
1286 2399 1487 2498 quatuorde-

282 2505 356 2578 eim
381 2501 512 2574 titulos.
562 2499 706 2571 Praeter
730 2499 796 2572 hoa
821 2498 957 2573 exstant
982 2499 1059 2594 ejui
1080 2515 1230 2597 quatuor
1261 2495 1341 2572 libri
1373 2497 1487 2570 advet-
1548 2492 1549 2507 ¹

284 2597 341 2674 sui
363 2591 619 2682 Manichaeoi,
643 2591 704 2666 seu
729 2593 966 2684 Paulicianoi,
992 2595 1086 2671 aCl.
1110 2593 1249 2672 Wolfio
1272 2593 1312 2668 in
1335 2589 1490 2666 Anecdo·

281 2691 327 2766 tii
352 2691 416 2768 Gr.
441 2687 479 2763 in
501 2690 615 2764 lucem
641 2685 772 2778 emilii,
796 2687 890 2764 inter
916 2711 1005 2787 quoi
1029 2709 1068 2764 et
1091 2691 1189 2764 Petri
1204 2687 1338 2780 Siculi,
1369 2683 1492 2764 autorii
1540 2729 1544 2738 ·

281 2783 454 2884 aequalia,
494 2781 681 2859 aRadero
713 2783 848 2870 editor,
889 2799 959 2859 tani
994 2783 1116 2862 exibi
1146 2783 1198 2859 est
1230 2779 1489 2870 convenientia,

282 2903 347 2973 ut,
389 2881 482 2978 quod
511 2898 629 2954 tamen
653 2899 727 2953 nou
750 2873 907 2970 constat,
940 2881 1028 2955 alter
1049 2903 1096 2956 ex
1119 2881 1231 2956 altero
1253 2877 1406 2954 videatur
1426 2873 1487 2948 de·

280 2976 461 3074 scripsisse.
491 2975 684 3084 Supersunt
709 2973 816 3048 etiarn
841 2973 980 3071 quidem
997 2977 1056 3052 sex
1083 2977 1211 3052 brevei
1237 2970 1486 3050 differationei

281 3071 524 3183 Theologlcae
547 3092 583 3144 iii
610 3067 731 3167 Antiq.
755 3067 855 3143 ieet.
908 3071 1033 3145 Canisii
1059 3089 1085 3144 t.
1113 3074 1157 3150 11.
1183 3097 1219 3186 p.
1246 3073 1316 3163 li,
1346 3065 1400 3143 led
1422 3064 1486 3140 uix

280 3169 375 3248 leilu
407 3169 555 3262 dignae,
594 3185 703 3267 quae,
741 3182 883 3262 praeter
918 3163 1057 3264 ineptia
1084 3167 1292 3244 subtilitates
1316 3160 1487 3242 scholasti·

282 3289 361 3352 cai,
385 3263 470 3337 nihil
491 3261 566 3334 fere
591 3262 800 3351 continent3
835 3279 1013 3374 praeterea
1037 3264 1181 3339 diatriba
1206 3262 1348 3361 ejusde
1372 3261 1486 3336 volun·

283 3361 415 3438 tatibus
437 3357 477 3433 in
501 3353 636 3430 Christo
658 3360 819 3450 gnominis
840 3358 925 3432 ibid.
949 3377 988 3431 et
1012 3357 1048 3433 in
1071 3357 1226 3438 andario
1250 3358 1347 3434 Petri
1363 3359 1491 3433 stevar-

285 3457 352 3546 tii;
392 3453 431 3526 ln
456 3473 543 3549 qua,
587 3454 681 3550 quod
708 3451 923 3541 notandum,
961 3454 1167 3544 contendit,
1208 3453 1294 3529 licet
1315 3472 1403 3552 quot
1423 3449 1494 3526 lunt

282 3552 319 3636 iii
343 3547 483 3627 Chrillo
505 3564 646 3620 naturae
671 3563 726 3620 tot
751 3546 818 3619 sint
841 3546 1061 3638 minaciter,
1102 3571 1207 3624 unain
1233 3548 1305 3626 elie
1339 3549 1491 3624 voluuta-

281 3669 356 3735 tcm
379 3643 597 3747 gnomioiru,
619 3640 700 3738 quia
721 3638 892 3722 humanae
915 3651 1059 3724 naturae
1081 3647 1245 3724 voluntat
1260 3643 1492 3814 semperstoup
1544 3695 1545 3729 ι

1407 3747 1474 3810 euti
