3104 4814
697 670 803 751 Serui.
828 670 913 751 VII.
1216 742 1219 746 ,
1353 704 1424 777 ¹4¹

183 840 364 940 nraceni',
429 869 549 948 noque
572 846 684 924 refert
711 848 861 927 Diodor.
893 849 1000 925 sicui.
1032 850 1055 928 l.
1087 848 1184 927 xix.
1218 852 1306 932 Vid.
1342 858 1409 935 ci.-

180 944 372 1044 Welleling
394 969 418 1018 o
444 947 536 1022 serv.
560 946 620 1020 lib.
648 949 717 1035 ll,
766 947 826 1046 qui
854 949 1132 1022 Rechibitarum
1159 971 1196 1022 et
1230 953 1394 1028 Kenaeo·

175 1065 264 1134 rim,
289 1042 448 1116 e‘usdein
472 1042 567 1117 forte
593 1042 756 1140 originis,
791 1042 949 1118 instituta
972 1044 1042 1117 huc
1066 1065 1204 1140 quoque
1231 1047 1395 1126 contulit.

209 1140 242 1239 §.
269 1140 302 1214 C
340 1139 444 1213 XXI.
479 1163 513 1235 3.
540 1141 686 1217 Habent
720 1163 859 1237 quoque
887 1162 974 1213 cuni
1007 1138 1149 1236 Judaeii
1181 1161 1392 1234 commune,

192 1238 310 1311 noda
344 1257 454 1309 carne
485 1232 579 1310 suilla
609 1235 708 1309 valde
740 1237 970 1323 abhorreant,
1010 1237 1069 1310 sed
1101 1233 1186 1309 illud
1220 1238 1276 1315 diu
1309 1262 1396 1315 ante
1434 1262 1438 1272 ·

231 1332 464 1407 hammedem
489 1332 715 1428 Arabesque
741 1332 990 1419 defecerunt,
1043 1350 1082 1405 iit
1114 1331 1302 1410 Sozomen.
1337 1338 1390 1412 ii.

114 1438 117 1523 ᾗ
169 1427 203 1503 i.
226 1430 303 1503 Vl:
332 1435 396 1522 38.
421 1426 630 1527 Hieronym.
654 1427 696 1500 ad
718 1354 943 1523 jovinianum
969 1425 991 1499 l.
1018 1427 1067 1500 ll:
1092 1449 1124 1500 c.
1159 1435 1193 1501 6.
1226 1450 1265 1503 et
1299 1432 1399 1506 Soliae

114 1526 116 1571 ³
170 1547 229 1599 ini
259 1523 304 1600 iii
338 1521 509 1621 Poiyhiii.
545 1545 579 1597 c.
613 1545 670 1619 33.
708 1522 891 1598 testantur.
950 1521 1141 1595 Abstincnt
1173 1546 1313 1622 quoqne
1347 1530 1399 1605 al>¹
1512 1576 1518 1601 -,

114 1698 116 1705 ,
169 1618 404 1720 idolothytis,
439 1617 626 1718 sanguine,
654 1637 691 1692 et
715 1618 912 1706 suffocato,
951 1638 996 1691 ex
1027 1618 1107 1714 lege
1128 1618 1396 1697 Muhaminedii
1486 1648 1493 1660 ·

169 1716 243 1791 Siir.
272 1716 331 1790 V:
362 1740 400 1807 4.
441 1736 596 1812 excepto
637 1715 848 1790 necellitaiii
885 1709 989 1799 casu3
1040 1729 1078 1785 ut
1110 1709 1197 1788 ibid.
1235 1714 1387 1795 additur.

167 1813 348 1889 Praeterea
372 1833 516 1903 canem,
543 1833 599 1886 tan
624 1834 701 1885 uani
719 1811 903 1922 inpurum,
927 1804 1161 1897 detestantur,
1186 1827 1225 1883 iit
1254 1811 1393 1888 Arabes

165 1908 250 2007 apud
273 1904 501 1997 Relandum,
533 1927 571 1981 et
596 1836 829 2002 dusbequios,
870 1903 1017 2000 aliique,
1059 1900 1189 2015 diserte
1217 1908 1390 1999 tradunt,

208 2022 382 2079 oramen
407 2025 478 2076 non
504 2001 683 2091 obstante,
707 2024 781 2077 non
808 2020 940 2078 tantum
964 1997 1058 2075 nullo
1083 1999 1252 2099 adficiunt
1268 2004 1385 2095 malo,

243 2118 286 2175 et
313 2116 456 2187 curant,
487 2099 683 2173 acvidlum
718 2119 859 2194 parant,
900 2094 988 2170 teste
1019 2095 1169 2172 Smitho
1228 2097 1283 2173 Ex
1318 2122 1392 2196 quo

166 2194 354 2287 elucescit,
373 2217 476 2291 quam
490 2194 575 2268 falso
593 2195 705 2270 tradat
721 2192 934 2297 Euthymias
948 2190 1138 2289 zigaben„
1160 2193 1228 2271 illis
1244 2195 1387 2275 licitum

166 2290 251 2384 effe,
278 2291 393 2366 cdere
414 2312 531 2380 canei,
555 2290 645 2385 lupos
666 2309 736 2377 etc.

184 2384 243 2487 -ς
269 2386 455 2461 CXXXII.
489 2386 596 2488 Quod
621 2387 774 2556 denigue
797 2382 841 2459 ad
874 2382 1011 2458 moralia
1041 2381 1228 2459 dodlrinae
1261 2368 1396 2464 eorum*

164 2483 303 2582 capita,
334 2501 375 2556 et
397 2502 514 2556 mores
542 2482 656 2578 ipsos,
683 2506 702 2556 a
731 2484 843 2570 tinet,
881 2504 913 2554 i.
938 2483 1065 2579 Juiant
1083 2478 1189 2553 etiam
1206 2503 1270 2576 per
1287 2506 1385 2558 crea·

163 2602 275 2668 iuras,
311 2578 366 2652 uti
387 2601 451 2674 pei
467 2581 628 2668 coelum,
651 2575 779 2667 solem,
801 2593 840 2650 et
858 2577 995 2664 lunam,
1026 2578 1100 2651 Sui.
1125 2576 1220 2652 XCI:
1249 2598 1284 2668 5.
1317 2599 1385 2677 per

164 2677 306 2754 stellam
333 2675 412 2749 Sur.
435 2676 535 2748 Llll:
566 2698 596 2750 1.
624 2675 796 2772 petaliae
824 2672 1309 2749 reiinaniinataiSur.Lll:
1347 2698 1384 2753 2.
1502 2700 1507 2710 ·

163 2770 417 2850 Temerarium
441 2790 479 2844 et
513 2769 632 2848 falsum
663 2770 918 2866 juramentum,
951 2769 1061 2842 inodo
1090 2767 1245 2840 intentio
1276 2770 1387 2861 defit,

161 2871 370 2946 etanimui
392 2866 566 2956 nocendi,
590 2884 667 2966 'pro
691 2864 820 2939 veniali
846 2882 1013 2958 peccato,
1047 2864 1286 2960 eleemosyna,
1321 2885 1387 2940 aiit

160 2964 338 3065 pecunia,
377 2961 480 3036 facile
505 2963 705 3061 expiando,
738 2959 890 3034 habent:
925 2961 1000 3034 Sur.
1025 2959 1076 3034 V:
1100 2965 1160 3050 98.
1195 2957 1254 3033 ubi
1285 2961 1387 3039 Gelal

160 3061 341 3139 videatur.
400 3058 465 3141 Sic¹
482 3082 563 3134 cuni
587 3060 662 3159 quis
683 3056 870 3156 juraverit,
894 3052 930 3129 se
953 3080 1035 3132 cum
1059 3077 1170 3130 uxore
1197 3056 1289 3130 nolle
1305 3081 1385 3135 rein

160 3158 319 3245 liabere,
362 3151 522 3251 fungere
554 3156 673 3254 potest
712 3153 804 3229 intra
838 3152 987 3227 latium
1029 3172 1178 3249 quatuor
1215 3152 1388 3233 menliiim

159 3254 243 3331 Sur.
267 3252 407 3326 LXVI:
436 3274 468 3326 2.
487 3255 563 3346 jam
585 3255 698 3336 sanxit
725 3255 814 3327 vobis
875 3273 931 3322 tus
955 3247 1181 3344 affiliationem
1210 3252 1384 3346 juramen·

160 3366 270 3426 imni
295 3347 469 3444 volitorum
491 3368 561 3424 etc.
613 3350 691 3449 Qua
708 3346 845 3421 ratione
861 3346 1012 3443 Judaeos
1028 3363 1064 3417 et
1089 3341 1148 3417 hic
1170 3341 1280 3420 fuerit
1303 3348 1384 3422 imi·

162 3466 282 3538 tatus,
324 3466 370 3517 ex
396 3443 530 3517 Maiih.
558 3444 608 3520 V.
634 3463 673 3517 et
698 3432 857 3533 XXllI.,
895 3465 944 3515 ac·
966 3439 1123 3528 aliunde,
1150 3440 1273 3535 liquet,
1323 3442 1386 3520 En
1543 3477 1548 3488 ·

161 3563 212 3619 cc
315 3539 378 3614 uin
399 3541 636 3636 iuramentum
663 3542 755 3639 apud
782 3560 843 3612 eos
866 3537 1084 3635 religiosum,
1126 3558 1199 3631 quo
1233 3535 1385 3615 interce·

158 3641 274 3715 dente
312 3635 441 3710 oedara
467 3636 639 3727 sanciunt,
664 3656 700 3710 et
720 3638 778 3732 jus
803 3633 938 3707 dicuni.
990 3633 1073 3733 Quo
1095 3630 1161 3705 fini
1180 3630 1308 3728 ignem
1328 3636 1384 3711 so·

158 3738 241 3813 leiit
263 3732 480 3822 accendere,
505 3752 542 3805 et
568 3731 669 3806 salem
695 3731 732 3805 in
757 3754 837 3804 euni
861 3727 1044 3824 conjicere
1063 3750 1105 3803 ac
1130 3725 1304 3822 sulphur,
1322 3752 1385 3825 nt,

225 3833 341 3906 ‘urum
368 3830 426 3904 tali
452 3851 566 3925 poena
591 3829 661 3904 elie
683 3827 847 3925 dignuin,
888 3825 1070 3901 indicent:
1109 3824 1202 3921 quod
1232 3828 1276 3900 ab
1297 3826 1389 3903 Ara·

156 3854 265 4007 ἔξω
294 3948 434 4025 quoque
468 3927 697 4021 repetendum
732 3920 810 4012 est,
858 3940 897 3995 ot
929 3922 1066 3996 Milliua
1096 3922 1117 3994 l
1150 3919 1217 3994 cit..
1244 3944 1387 4018 quoqne

154 4022 379 4102 observavit.
447 4021 508 4096 Fit
545 4019 653 4094 etiam
688 4024 924 4120 juramentum
962 4017 1058 4093 tadlo
1095 4015 1299 4121 Alcoiano3
1346 4033 1387 4091 et

156 4123 200 4202 iii
247 4117 417 4198 familiari
463 4119 683 4197 commercio
728 4137 795 4290 pesr
840 4117 1031 4201 veritatem
1078 4129 1222 4209 quatuor
1275 4108 1384 4182 libio-

817 4230 839 4311 i
1290 4223 1393 4315 mma
