3146 4458
598 118 798 245 uacuum.
850 111 883 176 ’
1042 183 1046 190 ’
1214 117 1312 288 ,με

98 354 197 416 urunt
226 339 434 420 Prudentius
464 359 504 420 et
536 343 677 436 Florus,
720 344 765 418 de
799 343 1067 444 quadratorum·
1107 343 1304 428 Damnavit

93 461 214 552 quoqne
229 440 365 516 ‘librum
392 443 488 514 Scoti
513 444 673 540 Synodua
698 441 889 515 valentina
914 443 1003 533 ut,
1030 461 1069 515 ut
1094 463 1132 515 et
1155 445 1300 544 Lingo-

90 545 201 612 uensu.
248 535 392 634 Scripsit
424 560 563 634 quoque
599 537 723 612 librum
754 541 799 610 de
824 559 951 632 corpore
974 561 1012 612 et
1026 539 1190 634 sauguine
1222 545 1299 619 Do.

91 633 184 722 mini,
214 653 360 730 rogante
384 635 510 706 Carolo
536 633 665 728 Calvo,
695 636 731 706 iu
758 635 907 726 Synouu
925 636 1141 710 Vercellenfi
1167 659 1209 710 ac
1233 642 1296 716 Pa·
1341 653 1351 682 ⁸

88 725 410 820 riuenfia.1050.,
441 749 479 802 et
496 731 656 804 Romana
671 753 701 804 a.
736 751 863 819 1059„
898 733 1109 805 damnatum.
1158 733 1296 814 Docuit

87 845 210 914 autem,
237 823 325 898 teste
351 825 546 898 Hiucmaro
572 829 616 900 de
632 823 879 900 Praedestinat.
904 828 924 901 l.
950 829 978 900 l.
1006 849 1037 902 c.
1066 849 1145 920 31.,
1171 831 1296 906 Socra·

85 921 317 994 numanitatis
346 943 406 992 uun
433 944 540 996 uerum
563 941 695 1016 corpur,
727 939 759 992 er
794 945 901 994 uerum
915 921 1113 1019 sanguinem
1140 923 1199 1020 ff·
1223 931 1294 1002 Du·

83 1019 170 1107 trini,
191 1017 256 1110 sed
277 1033 404 1092 tantum
430 1019 613 1092 memorium
639 1021 708 1091 ueri
730 1021 866 1110 corporis
890 1041 922 1092 et
940 1020 1124 1116 sauguinis.
1175 1024 1289 1100 Resu-

85 1110 161 1184 tavit
186 1135 271 1184 vero
298 1137 377 1186 eum
404 1113 639 1199 Adrevaldus,
665 1111 889 1188 Floriacensrs
919 1115 1122 1204 Monachus
1144 1113 1204 1192 sub
1223 1123 1288 1196 Ca-

83 1209 145 1280 r'olo
169 1209 297 1295 Calvo,
323 1209 418 1302 cujus
442 1209 530 1282 liber
554 1207 665 1283 exstat
688 1211 726 1282 in
752 1209 930 1302 Spicisegio
948 1211 1181 1284 bucheriano
1200 1234 1287 1294 toro.

82 1303 104 1376 s.
144 1303 307 1378 Ceterum
331 1302 429 1378 Scoti
451 1304 541 1380 liber
564 1303 752 1378 seeundum
772 1303 857 1377 alios
882 1307 1010 1399 periit,
1046 1307 1104 1378 sed
1134 1329 1178 1380 ex
1201 1311 1287 1384 alio·

80 1420 143 1570 afim
171 1400 344 1496 opinione
373 1401 469 1476 idern
504 1399 555 1474 est
588 1421 629 1474 ac
660 1399 862 1478 Ratramni»
878 1399 922 1475 de
962 1403 1083 1477 eadem
1128 1405 1286 1485 materia.

109 1521 125 1568 e
168 1519 211 1568 no
235 1519 334 1569 mox.

117 1517 360 1688 §.qCCCXVL
391 1593 530 1668 Fsoruit
555 1590 673 1688 utique
698 1589 767 1665 hoc
783 1589 858 1690 ipso
876 1609 1036 1688 tempore
1053 1594 1281 1690 Rarrumnur,

80 1685 375 1778 natumnatum,
400 1687 598 1764 Monachus
614 1690 766 1783 primum
787 1689 1022 1784 Corbejensrt,
1049 1695 1154 1784 dein,
1179 1695 1282 1767 savo·

81 1803 109 1854 re
133 1785 240 1859 Caroli
270 1784 387 1872 Calvi,
412 1787 531 1860 Abbas
555 1782 759 1858 Orbacensrs
789 1784 827 1857 in
845 1785 995 1859 dioecesr
1013 1789 1280 1886 Sueffiouense,

79 1879 199 1974 duplice
217 1882 287 1956 lite
310 1903 389 1954 corn
412 1877 586 1956 Paschafio
608 1881 810 1970 Radberto‚
835 1881 957 1952 itidem
982 1886 1157 1958 monacho
1188 1889 1280 1960 Cor*

79 1974 219 2070 huense,
251 1975 300 2050 de
326 1975 560 2072 quopostoa,
602 1977 799 2063 exercitus,
840 1999 906 2048 uua
929 1976 974 2047 de
1004 1999 1106 2072 partu
1139 1981 1280 2060 Mariae

79 2069 239 2169 Virginis,
276 2073 383 2146 altera
407 2077 451 2146 de
474 2069 692 2147 eucharistia.
741 2068 909 2170 Quaestio
932 2071 977 2143 de
1003 2090 1104 2166 partu
1139 2075 1281 2154 Mariae

79 2164 222 2265 Virginis
247 2171 433 2256 ordinario,
466 2191 509 2242 an
537 2169 814 2257 extraordinario,
845 2189 934 2264 quae
954 2165 1025 2240 hoc
1051 2185 1214 2263 tempore
1236 2171 1277 2249 in

73 2261 243 2340 Germania
279 2262 438 2338 ventilari
462 2265 604 2361 coepit,
638 2265 676 2338 iu
703 2264 849 2337 Galliam
875 2286 939 2358 per
965 2263 1197 2338 Retramnum
1223 2265 1277 2352 est
1331 2307 1337 2324 ·

74 2355 208 2435 invedia.
263 2359 401 2435 Tenuit
425 2382 543 2434 autem
562 2358 658 2454 ipse,
688 2358 858 2433 Christum
876 2379 938 2454 per
954 2377 1097 2432 naturae
1111 2361 1278 2456 januam,

74 2475 125 2546 per
145 2457 325 2550 solennem
346 2455 591 2551 parturitionis
615 2454 727 2543 viam,
768 2476 814 2526 ex
838 2471 941 2526 utero
965 2455 1103 2528 Mariae
1128 2460 1272 2552 proces⁴

73 2547 154 2640 isse,
175 2553 337 2648 adeoque
359 2554 562 2626 naturaliter
587 2548 657 2624 effe
680 2567 819 2638 natum;
845 2547 898 2622 uti
921 2570 967 2622 er
990 2550 1065 2644 ejus
1087 2552 1206 2626 libello
1232 2555 1274 2632 in

72 2643 254 2746 spicilegio
282 2648 508 2721 Dacheriano
534 2665 620 2721 toro.
655 2647 683 2721 1.
709 2646 754 2719 de
786 2647 960 2719 nativitate
995 2649 1115 2742 curisti
1147 2669 1272 2744 patum
1394 2685 1398 2694 ·

73 2761 128 2816 ute
156 2763 276 2818 tamen
304 2743 422 2817 videri
461 2740 575 2814 voluit
609 2740 818 2833 admittere,
857 2739 1103 2832 virginitatem
1136 2746 1275 2822 Mariae

72 2834 156 2912 fuisse
169 2841 357 2928 violatam,
382 2838 440 2912 sed
457 2835 611 2912 manfiffe
628 2841 801 2934 integram
819 2835 857 2910 in
871 2854 992 2931 partu,
1020 2856 1057 2909 et
1072 2837 1151 2933 post
1165 2863 1272 2931 eump

73 2932 115 3004 uti
129 2954 200 3032 cap.
221 2960 261 3010 2.
276 2989 301 3024 „
312 2955 350 3010 et
364 2934 466 3021 alibi,
482 2932 630 3009 sotatur:
656 2933 812 3029 adeoque
828 2930 985 3020 censuit,
1005 2933 1177 3009 Christum
1194 2941 1273 3036 qui·¹

73 3026 211 3126 demper
227 3034 382 3119 uuluam,
404 3031 464 3107 sed
477 3028 641 3125 clausam,
662 3028 830 3119 exivisse,
848 3027 942 3116 srve,
960 3045 999 3099 ut
1015 3028 1149 3104 ibidem
1164 3031 1271 3126 dicit,

74 3129 289 3218 pervolvam
313 3147 490 3224 apertam,
521 3125 579 3199 sed
604 3149 688 3201 mox
709 3126 823 3199 rursus
845 3123 1012 3215 clausam,
1044 3125 1137 3201 salva
1159 3131 1272 3228 virgi-

28 3301 32 3309 ,
72 3211 183 3312 nitate,
207 3224 301 3297 ficut
325 3220 544 3296 resuscitatus
570 3243 633 3316 per
660 3220 799 3317 januam
830 3217 974 3300 clausam
1008 3220 1149 3296 domum
1179 3226 1289 3324 legia.

71 3328 118 3386 tur
136 3317 285 3394 intrasse.
335 3316 514 3414 Opposuit
536 3333 655 3392 autem
685 3318 811 3390 librum
842 3323 969 3390 eorum
996 3318 1176 3411 opinioni,
1206 3325 1271 3420 'qui

66 3409 279 3506 adserebant,
321 3411 524 3502 Christum,
567 3433 639 3486 uon
666 3435 730 3508 per
749 3413 885 3510 januam
909 3411 1034 3488 vulvae
1057 3415 1270 3493 ordinariam

66 3523 168 3582 ortum
193 3509 372 3599 habuisse,
396 3509 455 3583 sed
481 3506 695 3584 monstruose
721 3507 766 3582 de
791 3509 926 3582 secreto
958 3509 1108 3591 ventris,
1152 3514 1282 3602 incer·¹

64 3613 99 3674 to
121 3605 281 3698 tramite,
320 3605 356 3686 iu
380 3625 480 3684 auras
505 3605 647 3775 exiisse&
691 3623 728 3680 ut
763 3605 800 3684 in
825 3603 1004 3706 principio
1021 3605 1115 3680 ,libri
1141 3606 1274 3718 tradita

655 3723 724 3794 vg
1181 3718 1281 3796 cupug
