3146 4458
413 123 420 133 Ι
453 211 458 219 ·
515 299 517 303 ,
597 191 703 270 &cut
727 187 799 268 IX.
1230 211 1304 290 342

96 383 163 466 cap.
188 383 244 458 aa.
296 361 393 467 Quia
414 383 501 440 ueto
523 360 588 442 iste
611 367 719 444 fuerit
741 365 916 456 llidorur,
940 362 1114 440 incertum
1140 360 1203 438 est.
1257 363 1295 440 Si

93 481 202 538 oerum
227 461 290 554 fit,
331 461 425 560 quod
452 482 497 536 ex
522 462 599 560 ipso
623 465 714 542 libro
746 465 945 574 colligitur,
982 457 1095 556 ipsum
1125 457 1161 532 se
1193 459 1291 541 credi

92 558 223 634 uoluiffe
253 558 326 632 effe
359 557 435 632 His
473 578 577 650 num,
617 585 637 634 a
672 561 847 657 probabili
880 555 976 632 forte
997 575 1069 630 non
1105 553 1290 646 abhorret,

92 651 187 749 ipsun
211 651 331 727 lfidori
364 653 413 728 Hi
430 653 576 748 polensis
605 661 784 752 personam
816 651 917 728 soille
948 651 1160 742 mentitum,
1206 674 1288 728 cum

91 751 172 844 quod
193 768 230 829 et
252 747 325 844 ipse
349 747 491 822 similem
516 749 643 825 fecerit
667 749 930 836 collectionem,
955 765 1028 819 tum
1054 747 1146 844 quod
1162 745 1199 824 in
1214 771 1289 824 me·

91 845 176 919 lintis
199 866 307 918 notae
342 843 523 918 codicibus
545 846 697 921 lsrdorur
718 863 868 944 peccator
899 839 1112 938 adpelletur3
1137 865 1183 918 ex
1210 867 1288 920 mo·

89 959 139 1028 re,
174 962 244 1036 quo
268 935 434 1035 Episcopi
459 939 495 1013 se
520 933 725 1037 peccatores
754 957 996 1033 nuncuparunt
1026 935 1062 1010 in
1097 935 1284 1033 Epistola,

88 1054 121 1108 ct
146 1035 374 1108 conciliorum
399 1035 716 1131 litbscriptionibus.
770 1035 838 1110 Sed
871 1056 951 1108 eum
976 1054 1059 1106 vere
1083 1055 1155 1105 non
1182 1032 1284 1110 fuiffe

89 1127 274 1226 Hispanum
299 1151 344 1202 ex
369 1149 412 1202 eo
434 1131 561 1226 probat
586 1131 802 1220 monnellus,
828 1128 921 1228 quod
945 1125 1047 1200 nimir
1070 1149 1175 1222 parce
1193 1129 1277 1204 His·

88 1231 220 1320 paniae,
247 1225 305 1298 sed
329 1222 532 1320 frequenter
556 1225 687 1302 Galliae
711 1245 750 1300 et
777 1226 896 1300 Italiae
920 1221 1140 1312 meminerit,
1174 1223 1283 1318 quod·

88 1341 145 1416 que
158 1320 260 1394 multi
278 1317 613 1411 Galloirancorum‚
638 1343 675 1394 et
692 1317 1022 1418 Langobardorum,
1041 1313 1203 1390 idiotismi
1227 1342 1285 1394 re·

30 1459 32 1467 ·
88 1415 258 1509 periantur
275 1416 311 1490 in
324 1414 401 1512 'ejus
420 1438 551 1511 opere,
575 1417 656 1490 nulli
674 1417 919 1512 Hispanorum.
970 1409 1124 1508 conjicit
1140 1409 1283 1510 itaque,

88 1509 264 1586 eumfuiile
283 1511 669 1604 Germano-Francum,
690 1515 747 1586 vel
765 1509 1063 1612 Gallo-Francum.
1090 1508 1282 1600 Ceterum,

89 1607 170 1700 quod
192 1627 268 1683 non
293 1623 368 1680 erat
395 1605 663 1704 negligendum,
697 1606 862 1686 ‚colleiiio
885 1603 1007 1679 isidori
1032 1625 1077 1676 eo
1103 1600 1193 1679 fasta
1227 1603 1281 1684 est

88 1703 202 1800 scopo,
246 1717 288 1774 ut
324 1723 356 1784 1,
391 1701 628 1799 antiquiorum
657 1703 823 1798 Paparum
855 1695 1060 1774 testimoniis
1091 1699 1283 1778 eminentia

90 1815 122 1870 et
140 1796 305 1873 autoritas
334 1793 424 1868 sedis
444 1797 573 1892 Papalis
595 1795 879 1886 confirmaretur,
920 1818 953 1870 a.
973 1795 1051 1891 jura
1079 1793 1283 1890 adpellatio·

89 1911 161 1968 utun
183 1915 204 1964 e
228 1910 308 1965 toto
340 1892 423 1964 orbe
451 1893 649 1968 Christiano
681 1891 725 1966 ad
755 1916 831 1966 eam
863 1891 976 1964 sedem
998 1886 1068 1964 effe
1091 1888 1282 1970 fundatiffi·

88 2006 136 2062 ma
168 1985 396 2064 elucesceret.
461 1985 521 2060 Est
553 1989 649 2063 enim
681 1987 753 2062 hoc
790 1981 1009 2082 epistolarum
1037 1983 1285 2080 decretalium,

88 2102 160 2180 quae
175 2083 239 2158 hic
254 2099 464 2172 occurrunt,
513 2082 711 2180 raecipuum
726 2098 980 2180 argumentum.
1026 2077 1179 2180 Contulit
1196 2103 1285 2178 quo·

87 2201 146 2274 que
166 2179 257 2254 haec
282 2175 459 2267 colleiiio,
483 2106 586 2253 fetuel
609 2173 771 2270 admissa,
796 2175 942 2251 multum
966 2171 1009 2248 ad
1033 2168 1152 2248 sedem
1171 2175 1289 2272 Papa·x

86 2273 146 2348 lem
169 2270 389 2348 evehendum
412 2271 513 2368 supra
535 2296 657 2348 omnes
679 2271 758 2347 aliar
777 2271 885 2347 seder.

180 2365 388 2443 CCCXXV.
419 2367 638 2478 Scriptorum
660 2367 886 2457 ,recenlione,
935 2379 1077 2438 uantum
1101 2361 1209 2462 scopo
1241 2381 1282 2442 et

86 2461 99 2540 i
147 2463 239 2538 ‘tuto
256 2451 375 2536 nostro
391 2458 538 2553 sufficrt,
560 2463 733 2550 absoluta,
751 2461 796 2534 de
812 2459 901 2535 statu
952 2458 1130 2536 'tterarum
1146 2476 1183 2532 et
1199 2460 1280 2539 Stu-

89 2559 213 2636 diorum
235 2555 274 2631 in
298 2553 451 2632 Ecclesia
479 2557 606 2656 aliquid
629 2555 858 2653 subjunxiffe,
890 2578 963 2630 non
986 2553 1094 2631 suerit
1116 2553 1278 2636 alienum.
1423 2589 1444 2654 '.

88 2653 153 2728 Etfi
174 2653 316 2732 Carolus
337 2653 394 2728 M.
418 2653 546 2730 litteris
569 2654 607 2728 in
632 2648 828 2728 Occidente
850 2649 1096 2743 instaurandis,
1120 2672 1185 2728 noc
1203 2653 1277 2730 stne

91 2749 199 2848 aliquo
222 2745 394 2837 succellu,
426 2769 568 2823 omnem
591 2746 749 2844 inpendit
773 2767 934 2845 operam,
974 2765 1137 2820 votorum
1161 2767 1279 2828 tamen

90 2839 227 2919 nonest
249 2864 394 2937 compos
415 2841 546 2934 fartus,
585 2866 654 2918 nec
676 2841 824 2918 effectur
846 2839 1067 2919 conaminum
1090 2839 1157 2918 fnit
1179 2843 1279 2922 dura·

93 2938 172 3014 bilin.
221 2941 280 3014 De
311 2935 487 3018 inminuto
511 2937 699 3013 studiorum
731 2939 854 3012 ardore
888 2935 1094 3033 conquestus
1123 2935 1176 3012 est
1206 2941 1279 3016 Ln-

92 3053 151 3128 pnr
169 3030 395 3110 Ferrarienlia
409 3030 506 3126 epist.
544 3037 574 3111 l.
605 3034 649 3108 ad
686 3031 943 3132 Eginlrardtrm,
985 3049 1022 3104 et
1054 3031 1280 3128 Ludovicus,

98 3127 259 3222 capitulari
276 3127 373 3200 edito
386 3151 417 3204 a
443 3137 523 3221 823.
549 3130 748 3220 praecepit,
773 3149 811 3200 ut
827 3127 961 3202 scholae
976 3129 1215 3224 erigerentur,
1232 3131 1278 3204 od

88 3223 165 3316 filius
186 3244 218 3299 tt
242 3222 402 3319 ministros
426 3223 595 3316 Ecclesiae
621 3223 836 3316 instrutulus,
860 3224 911 3296 uel
935 3223 1112 3298 educendos.
1161 3225 1277 3324 Quam

93 3341 202 3410 parum
227 3342 313 3393 vero
336 3343 389 3390 res
418 3317 634 3405 lucentem,
669 3341 713 3392 ex
740 3317 892 3390 concilio
915 3317 1019 3391 Parit.
1043 3343 1073 3396 a.
1102 3329 1182 3409 829.
1209 3326 1280 3397 col.

92 3412 147 3509 ligi
167 3413 297 3511 potest:
332 3411 423 3508 petit
447 3413 541 3486 enim
566 3413 723 3513 Synodus
749 3437 769 3486 a
796 3413 999 3504 Ludovico‚
1026 3435 1062 3488 et
1090 3417 1189 3502 liliis,
1215 3439 1275 3507 ut,

93 3529 214 3586 morem
240 3530 420 3606 paternum
445 3507 572 3596 secuti,
613 3529 735 3583 curent
759 3507 890 3582 scholas
914 3507 1100 3585 autoritate
1133 3511 1188 3587 suu
1213 3517 1277 3584 eri·
1344 3511 1348 3534 ¹

92 3603 315 3702 giiutribut
339 3601 760 3774 congruentiffimirxinperii
784 3605 875 3682 loris.
926 3603 1032 3710 Quod
1062 3627 1152 3771 nutuf
1174 3604 1281 3770 [petit

665 3723 689 3774 X
714 3725 734 3798 3
949 3759 952 3765 .
1149 3717 1186 3770 'ch
1205 3721 1283 3801 Um,
1319 3743 1321 3748 ·
