3104 4814
145 592 227 726 335
534 540 979 704 annuntiarunt
1078 604 1081 609 ·

150 768 528 881 tem·praedestinntns
545 797 619 849 earn
641 798 704 875 per
720 781 811 855 bona
825 775 1227 881 operiqueateniure
1254 774 1359 853 tus
1411 818 1414 825 ·

152 901 251 958 terea
274 876 419 952 liberum
451 873 633 949 arbitrium
672 898 838 970 putarunt
874 881 1013 975 penitus
1045 879 1088 951 ab
1112 898 1158 948 en
1196 873 1294 964 rolli,
1318 872 1362 947 its

148 998 192 1053 ot
216 973 285 1048 fine
310 969 423 1068 gratia
457 993 526 1043 non
550 989 684 1045 tanturn
716 973 757 1046 fit
789 977 833 1049 ad
868 978 998 1051 bonnm
1030 970 1216 1066 ineptum,
1255 968 1362 1045 sesne
1411 996 1414 1003 ·

149 1071 294 1172 quidem
326 1087 498 1165 peream
531 1066 661 1161 aliquid
699 1073 835 1156 valeat,
875 1089 912 1144 et
942 1070 1012 1144 sola
1043 1069 1156 1164 gratia
1188 1081 1363 1162 operetuss

153 1167 307 1262 denique
333 1160 507 1237 Christum
538 1160 588 1234 ita
620 1185 686 1259 pro
711 1163 789 1239 solis
821 1162 990 1241 salvandis
1014 1165 1083 1237 eil'e
1110 1184 1306 1250 mortuum,
1323 1172 1364 1235 ot

152 1265 248 1343 nullo
268 1255 367 1335 sensu
384 1281 453 1356 pro
477 1257 639 1354 reliquis,
667 1282 711 1331 ne
737 1260 885 1355 quidem:
900 1257 1110 1356 baptisatis,
1133 1276 1173 1332 et
1189 1254 1363 1353 regenitii.

181 1361 214 1433 ui
240 1380 310 1431 non
336 1353 582 1451 perseverant,
615 1377 766 1429 mortem
798 1355 922 1431 obiiffe
949 1354 1022 1428 dici
1052 1373 1185 1449 queas,
1217 1353 1364 1450 adeoque

192 1478 274 1530 eum
305 1452 399 1538 nuilo
437 1448 595 1545 respectu
631 1451 764 1524 censeri
796 1451 892 1548 poffe
928 1452 1019 1524 veile
1054 1451 1198 1524 saiutem
1231 1471 1366 1535 eorum,
1409 1488 1421 1525 -·.

155 1550 218 1651 qui
244 1571 316 1624 non
340 1545 523 1621 salvantur.
575 1544 684 1618 Hunc
717 1547 754 1620 in
789 1548 930 1620 modum
962 1563 1085 1620 contra
1116 1545 1236 1639 ipsum
1262 1543 1368 1639 dispn·¹
1419 1566 1421 1571 ·

158 1664 276 1741 tarunt
304 1644 387 1741 ,ejus
429 1640 635 1735 adversarii,
670 1642 879 1739 Nothingus
916 1641 1111 1736 Episcopus
1143 1637 1371 1727 Veronensst‚
1402 1686 1405 1691 -

156 1742 221 1825 seu
245 1736 498 1826 Vercelienfis,
530 1734 718 1815 Rabbanus
743 1738 781 1813 in
808 1736 908 1833 epist.
932 1738 976 1811 od
998 1759 1080 1813 eurn
1103 1753 1140 1807 et
1162 1734 1375 1815 Eberardun

159 1836 360 1922 Comitem,
385 1830 605 1906 Hincnrarus.
624 1833 730 1905 variis
751 1834 788 1908 in
816 1831 1017 1909 traiiatibus
1040 1849 1078 1903 et
1099 1829 1295 1925 -Epistolis,
1327 1831 1374 1905 A·

159 1927 257 2011 molo
284 1929 477 2023 Episcopus
501 1925 738 2022 Lugdunensis
761 1933 799 2005 in
824 1928 927 2038 epist.
952 1930 996 2004 ad
1024 1925 1308 2013 Godschalkum,
1340 1941 1378 2000 et

160 2028 243 2130 Joh.
271 2027 410 2098 Scottis.
461 2021 599 2095 Eodem
624 2024 730 2101 etiam
758 2047 902 2100 nomine
924 2021 964 2100 in
988 2021 1140 2121 Synodis
1163 2018 1381 2118 Mogontim

161 2148 205 2203 sc
231 2114 458 2195 Carifiacense
484 2116 663 2214 damnatus
687 2116 748 2192 est.
952 2140 955 2147 ⁴

162 2292 169 2301 ,
207 2216 238 2316 i.
265 2210 522 2288 CCCXXXIX.
546 2214 615 2286 Sed
639 2211 791 2289 tueritne
806 2212 894 2288 haec
911 2236 994 2289 vers
1012 2211 1225 2289 Godschaiki
1237 2211 1381 2287 senten·

164 2311 237 2407 tia,
264 2309 354 2383 haud
380 2331 448 2383 una
465 2305 515 2381 est
529 2304 731 2400 dubitandi,
756 2312 843 2407 quin
858 2309 1030 2405 negandi,
1052 2309 1154 2384 satio,
1209 2333 1241 2383 1.
1265 2308 1381 2400 Saepo

162 2401 335 2523 profeffus
356 2402 429 2495 est,
466 2401 506 2476 se
528 2403 715 2501 Augustini
741 2428 779 2478 et
806 2408 833 2479 F
836 2405 984 2502 ulgentii
1019 2404 1245 2501 opinionibus
1267 2399 1380 2499 preffe

164 2507 375 2583 inhaerere:
415 2524 436 2574 a
467 2523 538 2595 quo
567 2502 604 2573 in
632 2501 851 2596 Fuigentium
885 2498 999 2575 studio
1031 2499 1193 2574 censetur
1216 2500 1384 2594 burgensis

165 2599 356 2712 epitheton
376 2592 568 2690 accepisse,
592 2595 677 2670 licet
693 2597 748 2670 aiii
767 2597 849 2671 inde
874 2597 1058 2686 derivent,
1085 2594 1177 2691 quod
1200 2617 1290 2691 prae
1305 2594 1382 2671 ariis

161 2699 262 2775 vvrsus
291 2691 397 2767 fuerit
418 2689 552 2787 fulgere
580 2689 721 2788 ingenio
746 2713 780 2764 et
810 2693 947 2769 litteris.
995 2712 1029 2766 a.
1055 2689 1207 2765 Eccleiis
1239 2692 1385 2788 Lugdu·

166 2790 281 2870 nensrs
306 2787 437 2861 diserte
463 2781 626 2875 sestariis,
664 2787 725 2863 sibi
753 2790 837 2863 tales
869 2788 944 2884 ejus
970 2786 1154 2883 opiniones
1178 2809 1253 2860 non
1280 2789 1386 2862 inno·

168 2887 290 2972 tuiffe,
329 2902 396 2954 nec
423 2883 457 2954 se
480 2883 625 2958 credere
659 2910 716 2957 eas
748 2884 893 2978 abipso
927 2879 996 2956 effe
1017 2883 1203 2980 profectas.
1251 2905 1287 2977 3.
1312 2885 1387 2961 De.-

167 2982 296 3075 nique,
322 2975 415 3082 quod
443 2978 584 3068 majoris
607 2975 678 3066 est,
703 2980 741 3052 in
766 2980 1036 3076 confeiiionibus
1060 2981 1152 3075 ejus,
1176 2979 1289 3052 modo
1310 3001 1390 3063 tne-¹

165 3068 330 3159 moratis,
356 3073 434 3142 taita
459 3093 528 3147 non
550 3093 685 3166 tantum
702 3097 772 3145 non
798 3074 1023 3172 reperiuntur
1047 3073 1184 3170 capita,
1219 3073 1279 3148 sed
1298 3097 1391 3155 none

168 3166 258 3248 nulla
281 3166 466 3240 contraria.
519 3166 716 3242 Confitetur
741 3171 835 3243 enirn
861 3169 992 3244 inillis
1026 3195 1058 3244 a.
1087 3172 1121 3243 se
1146 3170 1389 3265 praedestina·

168 3265 301 3365 tionem
335 3261 376 3336 ari
406 3266 513 3336 vitam
549 3283 586 3336 et
621 3284 770 3336 mortem
798 3267 939 3363 quidem
964 3266 1128 3355 credere,
1162 3264 1220 3338 sed
1245 3288 1322 3353 nott¹
1344 3262 1391 3345 od

166 3376 376 3463 peccatum,
408 3359 478 3433 effe
507 3382 592 3432 veto
616 3359 657 3431 ad
683 3380 835 3434 mortem
866 3385 912 3435 ex
939 3362 1096 3455 praevisa
1121 3359 1390 3453 incredulitate,

168 3478 208 3553 et
232 3473 401 3553 peccato,
427 3475 463 3528 et
515 3477 632 3548 rnpter
657 3478 733 3551 eam
758 3455 858 3545 fieri,
883 3479 924 3530 ac
950 3457 987 3529 in
1015 3482 1056 3530 ea
1081 3457 1241 3547 fundari3
1262 3456 1307 3533 sd
1331 3454 1391 3531 vi'·

170 3562 243 3633 t'atn
269 3573 356 3658 verp
381 3549 450 3624 effe
474 3479 661 3658 aisolutam
685 3550 1057 3647 praedestinationem,
1099 3575 1180 3627 cum
1207 3557 1327 3650 gratia
1348 3550 1394 3643 ad

161 3646 311 3745 „salutem
338 3643 418 3738 lpfis
441 3645 548 3721 fuerit
571 3645 724 3722 absolute
751 3648 903 3725 decreta.
952 3648 981 3724 i.
1006 3650 1121 3722 Deum
1145 3649 1236 3738 nolle
1255 3651 1395 3727 servate

164 3746 253 3834 fios,
278 3763 364 3838 quos
387 3743 565 3835 praevidit
589 3767 661 3819 non
688 3746 901 3830 credituros,
935 3764 971 3818 et
993 3765 1139 3841 propter
1163 3743 1392 3824 increduiita-¹

91 3838 95 3845 ’
167 3846 250 3937 Jt'ern
272 3846 394 3912 eorum
418 3862 448 3912 c.
473 3836 632 3935 adeoque
656 3866 722 3939 pro
750 3841 791 3914 iis
809 3840 983 3915 Christum
1009 3862 1079 3914 non
1107 3840 1175 3916 effe
1191 3862 1393 3939 mortuum,

186 3935 228 4012 ‘ui
251 3955 321 4007 non
347 3929 550 4020 crederent,
587 3938 740 4032 quosque
767 3936 865 4006 Deus
890 3935 1064 4031 praevidit
1087 3960 1158 4011 non
1184 3935 1258 4015 effe
1282 3939 1398 4021 credi.-

232 4053 283 4132 οε,
329 4027 433 4110 Haec
456 4025 543 4135 licet
566 4026 615 4105 ita
640 4027 729 4127 sint,
767 4028 909 4114 testatur
934 4053 1052 4113 tamen
1078 4054 1111 4109 ι.
1134 4033 1286 4137 amoro,
1326 4036 1398 4116 fibi

158 4192 233 4264 μή,
706 4220 711 4227 -
786 4200 791 4215 ·
1330 4150 1398 4221 Ψ-
