3146 4458
277 253 350 334 352
602 147 615 182 ‘
672 222 821 327 Historia
842 225 1109 332 Eccieffllotst.

281 406 427 484 tandum
449 400 521 492 est,
544 398 668 476 eadem
692 400 791 481 fuisse
814 405 885 480 hoc
918 407 1054 501 seculo,
1076 431 1166 510 qnae
1195 423 1319 498 antea,
1344 406 1432 485 fidei
1444 427 1495 483 ct·

277 507 379 602 pita,
413 519 451 576 ut
475 521 520 574 ex
543 497 814 576 conseilionibut
846 501 1052 604 Nicephori
1085 525 1123 581 et
1147 505 1283 587 Photii.
1316 505 1364 579 tle
1386 506 1496 602 quibua

282 615 402 770 iffi,
434 591 728 766 ξηιιῗωῗηεᾶἒὲ,
755 615 874 771 ρῗιειιι,
907 622 945 676 et
968 599 1222 770 Adelbeffiliaid
1236 603 1501 770 &mutili

418 939 427 960 .
804 907 949 963 nontcor
1046 910 1111 962 tctr
1181 909 1296 960 eract
1444 909 1465 960 e

286 979 418 1056 Latina
448 979 535 1051 aliot
583 1001 697 1077 noque
723 965 884 1070 admifit,
916 1005 1004 1079 quor
1025 981 1257 1058 Protestanter
1274 941 1392 1056 solent
1412 981 1503 1078 Apo·

291 999 1501 1270 llllll'1lll‘l‘0’llitillllv

269 1235 351 1368 ⁸qui
370 1227 491 1339 ⁰etiarn
516 1191 663 1338 {bid.⁷l.'
682 1264 731 1339 V.
757 1289 789 1341 c.
817 1291 833 1339 1
861 1201 954 1342 etva.
987 1227 1300 1366 scripturas'sacr‘a’s
1321 1223 1502 1342 canonica}

289 1367 344 1442 ·V.
369 1378 406 1435 et
429 1363 480 1435 N.
506 1357 604 1432 Test.
628 1360 808 1451 recenset,
830 1363 936 1461 iisque
957 1367 1158 1437 adnumerat
1179 1363 1308 1452 libror,
1333 1361 1381 1437 lic
1397 1361 1503 1438 diuos

287 1453 1501 1644 turbulentiarumluassistentium

157 1653 160 1658 ’
288 1655 349 1728 De
373 1643 636 1752 traditionibus,
660 1647 879 1742 synodorum
905 1651 1074 1738 decretis,
1107 1669 1145 1722 et
1171 1651 1365 1723 canonibus
1386 1650 1497 1722 Eccle-

288 1747 357 1823 fiae
374 1738 597 1847 Catholicae,
622 1741 716 1812 idem
734 1741 933 1836 senserunt,
957 1763 993 1818 et
1010 1747 1135 1820 eodem
1159 1747 1267 1817 modo
1285 1745 1395 1818 locuti
1411 1747 1500 1832 sunt,
1550 1797 1551 1804 a

285 1861 330 1918 ac
357 1853 468 1911 antea
515 1833 648 1928 Viguit
672 1838 813 1933 quidem
837 1843 929 1914 inter
951 1841 1134 1915 nonnullos
1159 1840 1363 1936 Scriptutae
1379 1842 1412 1914 S.
1435 1837 1496 1912 stu·
1550 1895 1551 1930 ᾗ

285 1937 406 2024 dium,
430 1927 542 2040 magia
564 1931 669 2004 etiam
684 1954 786 2029 quatu
805 1955 924 2026 antea,
948 1955 987 2009 et
1011 1939 1046 2010 in
1065 1959 1142 2009 eam
1159 1935 1390 2009 commentati
1404 1934 1492 2022 sunt,

285 2050 329 2111 ut
351 2052 398 2106 ex
423 2029 599 2126 superiore
624 2034 784 2126 catalogo
806 2051 921 2128 patet,
960 2031 1018 2105 sed
1042 2033 1126 2104 nihil
1151 2029 1225 2104 sere
1248 2031 1340 2104 aliud
1362 2027 1494 2128 praesti·
1550 2109 1551 2130 Ν

288 2144 436 2218 terunt,
474 2145 516 2198 tc
551 2121 723 2198 Veterum
755 2127 877 2200 scrinia
916 2127 1126 2225 compilare,
1162 2146 1354 2223 eorumque
1387 2123 1493 2198 facere
1550 2133 1551 2180 l

286 2223 521 2309 collectanea,
562 2218 689 2292 versati
714 2222 821 2296 etiam
853 2223 962 2318 magis
998 2222 1091 2297 circa
1123 2220 1306 2314 allegorica
1330 2240 1369 2294 et
1391 2240 1493 2294 mora·

287 2325 357 2413 lia,
390 2339 493 2418 quam
517 2315 650 2389 sensum
674 2315 881 2409 litteralem,
912 2334 949 2391 et
976 2339 1108 2392 verum.
1155 2317 1221 2388 Sed
1244 2317 1327 2391 illud
1351 2315 1440 2389 telle
1460 2309 1494 2386 se

284 2413 428 2505 habuit,
468 2429 659 2519 notataque
700 2413 848 2524 dignum
882 2411 953 2502 est,
998 2415 1090 2523 quod
1123 2411 1302 2510 Scriptura
1327 2413 1362 2487 S.
1395 2407 1492 2490 sterit

284 2501 1490 2700 lr‘llgltsllltltllssll0lllll‘ll,lllrl¹'{2l“l⁰lll

171 2703 175 2710 ’
285 2701 325 2776 in
349 2695 502 2793 linguam
527 2694 770 2771 Germanicam
798 2697 974 2772 transferri
1001 2697 1153 2788 curavit,
1185 2699 1349 2792 poetice,
1381 2713 1417 2770 nt
1438 2719 1487 2768 ru·

185 2847 188 2854 .
284 2795 426 2870 diorum
450 2789 641 2864 memoriae
665 2793 920 2884 consuleretur,
959 2793 1046 2867 teste
1075 2791 1288 2889 praefatione
1311 2797 1350 2869 in
1373 2793 1486 2868 libmm
1549 2851 1550 2854 t

284 2885 484 2988 antiquum,
508 2885 626 2984 lingua
648 2885 820 2960 Saronica
844 2889 1105 2986 couscriptum,
1138 2889 1176 2962 in
1198 2891 1349 2986 catalogo
1370 2887 1485 2981 cessim
1549 2947 1550 2962 ,

275 2985 439 3066 ‘uenturis
469 2981 538 3056 sec.
563 2981 626 3054 tx.
678 2981 839 3056 Otsridut
866 3007 1026 3080 quoque,
1065 2983 1256 3057 monachus
1282 2981 1480 3060 Wilsenbur·

123 3080 127 3088 ’
279 3077 398 3183 gensis
420 3077 459 3153 in
485 3073 637 3164 Alsatia,
661 3075 820 3151 Rabbaui
842 3078 1047 3176 discipulus,
1078 3081 1299 3172 harmoniam,
1340 3077 1392 3154 seu
1412 3077 1479 3150 dia·

244 3271 246 3276 ,
283 3173 453 3260 cessarea,
476 3170 756 3280 euangeliorum,
782 3173 914 3248 rithmo
938 3173 1150 3249 Germanico
1174 3193 1296 3250 vetere
1310 3172 1481 3250 concinna·

283 3295 381 3362 tum,
419 3264 575 3375 scripsit,
607 3267 666 3343 cui
698 3266 818 3344 titulus
841 3269 930 3360 suit,
970 3273 1112 3344 uolumen
1136 3272 1391 3366 euangeliorum,
1423 3283 1480 3342 nec

199 3407 202 3415 ·
281 3391 357 3448 non
383 3379 543 3438 oratione
567 3363 675 3436 soluta
706 3363 902 3438 versionem
929 3365 1084 3440 Psalterii
1117 3363 1421 3464 paraphrasticam,
1447 3377 1479 3444 lt

282 3487 319 3542 et
342 3459 554 3556 reliquorum
582 3455 779 3550 Scripturae
805 3457 1046 3548 canticorum,
1070 3482 1112 3534 ac
1126 3461 1361 3556 symbolorum
1379 3454 1478 3554 Apos-

281 3565 432 3640 tolorum
455 3569 493 3626 et
514 3549 715 3640 Athanasii,
740 3573 806 3625 nec
832 3576 903 3627 non
931 3555 1113 3630 Orationis
1130 3557 1355 3634 Dominicae.
1403 3549 1477 3630 Vid.

279 3655 470 3738 auctarium
503 3643 586 3728 hist.
617 3643 838 3746 dogmaticae
869 3647 1065 3728 Unel-ue
1096 3649 1216 3751 script.
1250 3671 1291 3730 et
1313 3653 1477 3816 inuexiss-
1548 3697 1549 3776 p

1548 3839 1549 3874 l
