3078 4462
280 235 357 328 41⁶
425 247 434 266 ¹
671 215 821 320 inflatia
845 215 974 322 Eccles.
1001 217 1118 322 cirili.

203 485 207 494 ,
286 407 348 497 lis,
372 399 459 502 ipsa,
484 397 573 478 nihil
599 400 668 474 tale
694 397 906 498 suspicanti,
932 422 972 478 ut
995 403 1128 493 fertur,
1168 421 1322 479 coronant
1360 391 1498 498 inpsuin'
1511 394 1512 464 l

165 537 167 542 ·
289 526 369 584 euna
395 498 490 574 milia
519 497 763 574 celebraretur.
815 497 964 598 Quando
997 499 1033 575 ei
1067 523 1091 574 a
1121 502 1253 598 populo
1288 521 1371 574 mox
1395 493 1496 568 adala·

291 620 423 676 rnatum
448 594 518 686 est,
552 595 665 666 Carula
688 591 828 690 piiffimo
853 593 1020 694 Augusto,
1052 595 1169 669 aDeo
1194 615 1364 685 cornato,
1394 603 1512 682 mogus

287 694 424 794 pacifico
440 693 645 786 inperatori,
673 695 744 766 aira
759 709 792 766 er
811 695 956 768 viderie.
1007 692 1091 790 Quo
1115 691 1231 783 facio,
1268 695 1375 768 titulo
1399 689 1499 761 Patri·

292 793 344 868 cii
367 789 521 877 sublato,
547 789 756 882 inperator,
786 804 823 860 et
839 787 1017 885 Augustus
1031 787 1084 861 est
1097 787 1305 886 adpellatua,
1330 810 1372 862 ac
1394 785 1504 858 adora·

277 909 368 978 aaa,
392 886 519 974 etiam,
545 885 636 980 quod
654 881 860 973 notandum,
884 885 1032 980 aFapa,
1060 906 1099 957 ut
1115 885 1238 960 Annal.
1265 887 1292 958 F
1296 885 1388 972 old,
1413 875 1509 952 uldel·

292 1007 369 1062 mus
385 981 422 1056 in
441 982 567 1056 annal.
589 981 817 1068 Francorum,
842 981 944 1070 Ado,
977 981 1126 1077 aliique,
1143 979 1347 1070 ἰειιιιιιιιις1
1364 993 1513 1074 practer-p

294 1105 336 1160 ea
361 1103 381 1156 a
404 1079 450 1152 Pa
526 1072 748 1165 benedictos,
779 1095 817 1148 et
850 1077 932 1148 oleo
955 1075 1072 1152 sanilo
1095 1077 1276 1154 inundiut:
1302 1097 1341 1150 ut
1366 1074 1513 1147 Adeon-³

295 1201 374 1265 rus,
405 1101 682 1270 effiginam„
707 1170 743 1244 in
769 1169 844 1244 uita
860 1173 975 1246 Caroli
999 1191 1151 1256 narrant.
1201 1172 1353 1274 Quando
1378 1185 1507 1266 quoque

290 1285 478 1374 perpetuant
501 1265 681 1364 capeffivn
704 1267 934 1362 Consulatum
967 1285 1006 1342 ut
1039 1289 1085 1343 ex
1118 1267 1340 1366 praefatione
1376 1267 1410 1338 le
1437 1283 1506 1348 um,

296 1375 342 1450 ab
363 1369 439 1465 ipso
463 1365 630 1458 ,Mutinae
651 1362 828 1453 datarum,
853 1385 954 1459 quarn
979 1363 1139 1440 recenset
1170 1363 1337 1462 Sigonius
1352 1361 1402 1435 de
1451 1379 1503 1452 eg·

300 1489 349 1542 no
381 1461 502 1536 ltaliae
533 1459 575 1532 ad
606 1477 636 1530 a.
670 1465 775 1538 801..
807 1455 954 1536 constat.
1002 1462 1084 1537 Hae
1104 1459 1244 1537 ratione
1274 1458 1419 1534 Carolus
1448 1453 1507 1526 fut

296 1563 429 1666 primur
460 1557 644 1660 loperator
676 1576 695 1624 a
725 1555 815 1648 Papa
848 1553 1076 1647 benedictus,
1115 1575 1152 1632 et
1182 1561 1220 1632 in
1250 1555 1324 1653 ipso
1354 1549 1504 1627 censetur

172 1671 175 1682 ·
295 1668 481 1757 remeatum
499 1655 679 1745 lopertum
697 1647 921 1740 Occidentis,
948 1653 1039 1750 quod
1062 1653 1098 1727 io
1123 1649 1319 1752 Augustulo
1349 1645 1514 1732 concide-3

299 1771 381 1838 rat,
411 1766 448 1820 et
470 1743 550 1818 ande
573 1765 683 1840 penes
710 1743 852 1818 Gothor
874 1768 916 1820 ac
939 1750 1135 1825 Orientales
1159 1751 1287 1824 suerat.
1339 1749 1423 1820 Fert
1451 1763 1514 1816 re·

295 1871 339 1924 ro
356 1841 482 1918 rediius
495 1843 664 1952 senoreti!
690 1861 790 1936 quam
814 1841 988 1935 translati,
1010 1844 1139 1940 inperii
1162 1843 1409 1942 conspertum,
1432 1859 1504 1912 cum

294 1941 390 2043 quod
415 1939 623 2015 Occidentis
653 1938 832 2032 inperium
869 1941 970 2034 plane
995 1961 1071 2014 erat
1095 1939 1323 2030 enstinclom,
1356 1939 1501 2028 adeoque

296 2035 559 2124 renovandum,
584 2053 690 2130 quare
712 2030 814 2106 etiarn
837 2031 873 2108 in
898 2036 1047 2111 nummis
1079 2037 1202 2130 Caroli,
1223 2035 1354 2131 legitur
1384 2051 1502 2108 tenera·

297 2141 345 2215 rio
369 2134 516 2230 inperii,
557 2152 630 2208 tum
663 2127 755 2234 quod
788 2131 890 2202 Irene
927 2133 1121 2229 inperatrix
1152 2131 1238 2205 nihil
1269 2137 1314 2203 de
1341 2130 1419 2226 jure
1446 2125 1498 2198 soo

298 2229 474 2311 remiserit
478 2283 494 2339 p
526 2248 594 2314 nec
617 2223 772 2298 Orientis
796 2225 1016 2318 lnpetatores
1039 2227 1132 2304 hunc
1155 2229 1295 2302 titulum
1318 2221 1515 2302 concedere

304 2325 487 2406 voluerint
520 2325 729 2396 Francorum
754 2319 935 2416 Reginoi,
977 2345 1063 2418 quos
1092 2347 1186 2420 reges
1223 2323 1279 2397 vel
1313 2325 1494 2417 superatores

300 2427 516 2498 Francorum
541 2415 735 2511 adpellant,
767 2413 841 2492 imo
865 2416 939 2512 ipse
971 2421 1113 2494 Carolus
1142 2419 1228 2508 illia,
1262 2417 1343 2514 post
1373 2419 1492 2506 suscep·

270 2525 375 2594 ‘tum
400 2515 540 2590 titulum
565 2509 714 2604 inperii,
746 2509 815 2590 fuit
846 2515 1007 2606 odiosus,
1043 2516 1130 2590 teste
1161 2515 1372 2610 Eginhardo.
1406 2515 1493 2585 Cete-

296 2635 393 2700 rum,
416 2606 510 2706 quod
535 2603 710 2678 observari
732 2607 860 2696 velim,
884 2613 964 2687 urile
981 2611 1074 2686 urbis
1089 2611 1286 2686 dominium
1303 2611 1419 2685 mansn
1440 2627 1493 2702 pt·

298 2732 361 2786 net
383 2707 508 2802 Papam
533 2699 702 2810 usquead
725 2723 756 2774 a·
785 2709 890 2798 823.,
916 2710 1052 2802 quando
1076 2708 1158 2781 illud
1181 2729 1199 2780 a
1224 2707 1372 2782 Paschali
1395 2707 1420 2777 ι.
1449 2697 1494 2772 en

299 2802 500 2882 concellum
524 2795 713 2872 Lothano:
738 2796 784 2867 de
808 2820 878 2896 quo
900 2802 1030 2895 postea.
1081 2801 1234 2878 Duravit
1263 2803 1305 2876 ab
1328 2803 1393 2877 hoc
1411 2817 1491 2870 tem·

297 2921 386 3001 pore
409 2893 645 2983 consuetudo,
671 2913 736 2987 qua
760 2891 973 2972 Francorum
998 2901 1117 2995 Reges
1140 2901 1218 2973 sunt
1241 2919 1262 2969 a
1284 2897 1377 2994 Papis
1397 2909 1488 2968 coro·

136 3025 140 3040 ¹
295 2997 388 3087 nati,
421 3011 504 3068 ante
525 3011 628 3089 quam
650 2987 915 3062 coronationem
929 2993 1001 3067 nbi
1025 3019 1097 3068 noo
1121 2994 1312 3070 sumserunt
1340 2995 1490 3089 snperato·

208 3123 211 3130 ·
297 3098 345 3168 rit
369 3089 533 3178 titulum,
567 3099 606 3161 ut
630 3081 704 3179 ipse
728 3081 928 3160 Ludovieut
954 3091 999 3164 11.
1027 3089 1170 3167 testatur
1194 3091 1231 3167 in
1255 3091 1356 3188 epist.
1379 3089 1415 3162 ad
1433 3085 1490 3156 Bu·

296 3187 408 3264 lilium
441 3184 658 3262 Graecorum
692 3179 962 3274 inperatorem,
999 3186 1091 3282 apud
1125 3187 1387 3264 Du·Chesnium
1420 3177 1486 3254 lnlt

294 3283 419 3362 Franc.
443 3297 530 3352 tom.
560 3277 625 3352 ιιι.
673 3273 883 3356 Habuerunt
903 3279 1021 3376 itaque
1047 3283 1089 3356 ab
1114 3281 1275 3358 noctem
1304 3305 1369 3358 ore
1388 3282 1486 3373 Reges

296 3383 508 3456 Francorum
531 3389 775 3461 tartarones,
801 3378 928 3470 Inperir'
947 3377 1108 3469 Romani,
1135 3377 1194 3476 qui
1212 3309 1333 3456 titoius
1346 3377 1388 3454 ab
1416 3375 1482 3447 urbe

297 3479 433 3560 Roma,
474 3489 511 3544 et
544 3469 617 3564 ejus
649 3469 851 3563 territorio,
882 3469 934 3543 est
967 3491 1083 3562 ortua,
1114 3479 1205 3569 regni
1238 3475 1425 3552 Francorum
1452 3481 1483 3540 et

296 3570 590 3666 Langobardorum·
648 3563 707 3635 De
741 3585 813 3659 quo
848 3564 921 3642 vid.
954 3565 1225 3646 Leliasschierus
1259 3575 1299 3648 in
1333 3565 1482 3671 opusculi

283 3695 331 3851 „¹²⁹
356 3667 417 3748 ¹¹⁹
1141 3760 1176 3866 ι.
1202 3749 1487 3852 οσειιιιιιιιι
