3104 4814
153 582 226 687 ³⁶⁸.
523 518 682 681 mstorra'
697 579 823 684 Eccles.
847 577 969 685 'mrtss

157 758 278 852 itaque
301 753 360 832 nii
384 753 421 831 in
437 752 531 849 aliis,
555 760 649 856 quod
664 784 738 836 non
754 752 984 836 statuerunt'
1010 750 1103 835 Velit
1116 744 1361 853 silvareffidi

151 854 319 947 marianis
346 873 419 925 erat
443 861 656 930 antecedens
679 876 718 931 et
744 856 1025 932 conditionatum
1050 852 1166 943 velle,
1193 848 1351 947 Remigio

153 949 206 1023 nis
231 973 320 1022 vero
345 948 468 1023 efficax
491 974 530 1026 et
552 953 762 1046 absolutum,
789 976 898 1049 quare
923 952 973 1029 illi
1002 952 1123 1025 Deum
1139 950 1352 1046 ajebentun·

152 1066 217 1119 nes
236 1047 326 1117 velle
343 1045 486 1136 salvari,
512 1047 550 1122 hi
569 1073 655 1122 vero
672 1049 749 1123 illos
762 1069 920 1138 tantum,
939 1046 998 1144 qui
1013 1044 1198 1121 salvantur.
1288 1130 1315 1149 Η

153 1140 208 1213 tio
236 1139 352 1236 itaque
380 1160 516 1217 tantum
535 1147 712 1240 supererat
727 1146 772 1218 de
797 1166 882 1218 vero
906 1141 1074 1236 phrasrum
1099 1143 1233 1237 Script.
1277 1144 1347 1211 :rn-

152 1237 315 1326 telletlu,
340 1238 464 1333 quibus
482 1241 695 1329 declaratur,
720 1243 836 1313 Deum
853 1241 933 1314 velle
950 1246 1085 1311 ornnr‘run
1094 1238 1251 1334 salutem.
1293 1228 1347 1303 Rc·
1380 1254 1384 1259 ·

152 1336 297 1428 nngiani
321 1357 379 1406 eat
399 1336 444 1406 de
472 1335 586 1408 omnis
601 1335 749 1431 generisj
759 1336 960 1409 bominibus
978 1335 1295 1432 interpretabantur
1306 1318 1349 1399 tei

151 1432 331 1503 neminem
359 1431 497 1519 salvari,
524 1430 585 1504 nist
609 1431 819 1526 cujusDeut
842 1429 1045 1519 miseretur,
1071 1430 1126 1504 vel
1145 1421 1352 1527 Demitur
1384 1470 1389 1485 ·

150 1523 191 1597 in
214 1528 436 1600 credentibus
461 1528 623 1601 suscitare
639 1527 813 1601 adseslum
837 1527 1014 1600 charitatis
1039 1524 1214 1620 proximi,
1241 1510 1353 1618 quoti

151 1621 276 1695 velint.
312 1623 450 1696 interea
467 1625 696 1696 admittebant
715 1646 746 1697 1.
764 1622 847 1695 illud
862 1622 907 1696 de
923 1620 1083 1694 bonitate
1098 1619 1191 1709 Dei,
1207 1613 1356 1715 quaere·
1397 1690 1411 1717 Α

151 1716 282 1807 atoris,
310 1717 515 1807 universali,
540 1718 690 1814 intelligi
715 1717 836 1814 posse,
860 1741 892 1792 2.
919 1716 1111 1789 tolerabant
1136 1739 1219 1800 eot,
1252 1701 1357 1808 quid
1401 1720 1410 1783 .³

154 1834 277 1886 omnes
300 1814 443 1886 omnino
471 1814 633 1887 homines
667 1815 916 1888 extendebant.
968 1812 1055 1886 Vid.
1080 1810 1169 1884 liber
1198 1800 1360 1881 Ecclesiae
1406 1812 1410 1861 ἱ

152 1907 393 2003 Lugdunensis
411 1907 455 1980 de
473 1909 582 1982 tribus
600 1908 782 2005 Epistolis,
802 1931 878 2006 cap.
898 1908 962 1981 XI.
1015 1905 1180 2002 Denique
1199 1927 1233 1999 3.
1251 1905 1380 1975 eadem·

151 2025 293 2079 ratione
312 2004 357 2076 de
382 2004 613 2098 amplitudine
640 2006 763 2078 mortis
788 1999 913 2077 Christi
935 2002 1165 2098 disputarunt.
1200 1998 1365 2075 Hincnra·

150 2098 241 2174 riani
258 2117 463 2187 tenuerunt,
482 2098 653 2173 Christum
669 2125 737 2196 pro
755 2102 934 2187 omnibus,
953 2099 1059 2171 etiarn
1076 2097 1137 2196 qui
1156 2118 1229 2170 non
1247 2095 1368 2199 salvan·

152 2212 231 2284 tur,
255 2190 324 2267 else
343 2213 540 2285 mortuum,
563 2193 622 2268 l'ed
642 2197 948 2291 proeredentibus
967 2214 1121 2281 tantum,
1146 2188 1370 2287 Remigiant;

150 2289 211 2365 sed
229 2290 299 2377 ita,
317 2309 355 2362 ut
378 2291 426 2362 t‘llr‘
442 2290 590 2366 studium
613 2291 736 2365 mortis
752 2289 875 2363 Christi
890 2313 960 2363 non
982 2289 1144 2386 negarint
1167 2289 1211 2361 ad
1225 2286 1369 2360 creden·

151 2403 206 2462 tet
222 2405 261 2459 et
277 2386 453 2461 salvandos
467 2408 603 2462 tanturn
619 2387 818 2484 pertinere,
840 2409 906 2459 nec
922 2384 1099 2459 lrr'inficias
1109 2382 1262 2472 iverint,
1279 2401 1369 2454 mor·

152 2499 230 2556 tem
255 2480 384 2555 Christi
408 2483 571 2558 omnibus
595 2483 736 2558 salutem
763 2482 977 2559 sufficienter
1000 2477 1208 2577 inpetrasse,
1233 2499 1275 2553 ut
1292 2474 1371 2575 pos·

153 2577 243 2667 srnt,
267 2576 292 2651 st
319 2577 427 2651 modo
454 2581 586 2668 velint,
609 2577 750 2667 salvari,
777 2581 851 2654 imo
874 2575 1095 2665 admiserint,
1119 2597 1245 2649 omnes
1271 2575 1371 2649 rede·

152 2673 253 2751 mille
290 2674 510 2768 baptizatos,
543 2674 627 2749 licet
649 2674 771 2770 postea
793 2673 983 2762 deficiant,
1024 2691 1062 2744 et
1089 2687 1245 2766 pereant.
1300 2671 1372 2744 Lu·

153 2796 220 2870 pus
243 2794 301 2938 ep.
329 2780 408 2850 128.
434 2768 544 2860 dicit,
569 2771 659 2845 solos
682 2769 832 2868 intelligi
858 2770 997 2857 fideles,
1024 2790 1090 2863 pro
1111 2768 1237 2861 quibus
1251 2764 1372 2841 Chris·

154 2888 212 2941 tus
237 2892 257 2940 e
312 2887 491 2958 mortuus,
518 2867 589 2941 five
613 2864 650 2940 in
673 2869 784 2963 gratia
806 2862 1059 2964 permansuros,
1084 2861 1156 2937 srve
1179 2863 1224 2934 ab
1249 2885 1294 2939 ea
1312 2860 1372 2937 suo

153 2961 250 3037 vitio
271 2958 474 3036 recessuros.
521 2959 740 3058 Remigianis
764 2960 954 3059 praecipue
979 2982 1083 3056 aegre
1116 2977 1213 3047 erat,
1251 2958 1374 3034 Chris·

83 3102 86 3107 -
153 3075 230 3132 tum
257 3076 292 3129 et
316 3078 383 3150 pro
406 3055 471 3129 illis
497 3056 569 3130 dici
594 3077 790 3145 mortuum,
831 3067 890 3154 qur
912 3058 982 3151 jam
1009 3072 1110 3128 erant
1141 3053 1305 3130 deiunbli
1330 3072 1373 3129 et

154 3152 328 3227 damnati:
356 3151 407 3225 uti
430 3173 528 3263 patet
550 3174 596 3228 ex
621 3152 790 3248 Remigio
814 3175 852 3227 et
877 3153 1021 3248 Synodo
1044 3150 1248 3225 Valentina.
1299 3150 1372 3225 Sed

154 3247 509 3325 Hincmariani'rllud
538 3248 608 3323 alio
631 3270 703 3321 non
728 3249 970 3345 intelligebant
992 3246 1106 3335 sensu,
1130 3269 1172 3321 ac
1191 3245 1371 3321 Christum

156 3367 280 3418 eorum
315 3363 464 3440 peccata
492 3347 528 3420 in
554 3347 589 3418 se
616 3342 789 3436 suscipere
814 3342 980 3428 voluisse,
1006 3363 1045 3414 ut
1062 3341 1183 3437 proiit
1200 3344 1393 3417 suotem··

154 3462 240 3537 pore
263 3462 480 3534 moreretur,
504 3441 561 3516 vel
585 3437 626 3513 iit
649 3439 928 3528 redemtionem,
952 3436 1013 3512 suo
1034 3458 1194 3534 tempore
1211 3435 1395 3515 efficiem-

153 3537 255 3627 dam,
283 3535 454 3612 obtulisse.
755 3571 764 3583 ·

200 3630 236 3729 5.
263 3631 484 3708 CCCXLIH.
509 3632 564 3708 Ex
581 3629 779 3730 disputatis,
798 3634 831 3709 ni
841 3634 960 3727 fallor,
980 3631 1371 3721 elucescit,divortium

155 3724 408 3803 sententiarum
434 3750 505 3802 non
539 3749 606 3806 tarn
640 3735 733 3808 reale
756 3731 873 3821 fuisse,
899 3754 1001 3830 quarn
1027 3729 1185 3819 verbale,
1210 3749 1251 3803 et
1273 3733 1374 3808 circa

154 3822 360 3897 methodum
387 3823 539 3898 maxime
569 3827 742 3922 phrasrum
777 3826 907 3921 Script.
933 3830 969 3903 S.
995 3825 1298 3924 explicandarum,
1333 3844 1376 3903 et

155 3919 240 3997 fidei
263 3918 534 4011 exprimendae,
561 3943 629 3995 nec
654 3924 730 4015 eJ'us
754 3918 856 3993 suille
881 3943 1042 4011 naturae,
1085 3941 1123 3994 ut
1144 3918 1179 3995 se
1211 3919 1375 3999 invicem

152 4016 193 4094 in
218 4012 384 4097 charitate
407 4035 480 4091 non
510 4013 692 4114 potuerint
723 4014 883 4093 tolerare.
936 4019 1053 4121 Quare
1086 4015 1396 4121 Remigius-nrm·

707 4160 712 4169 ·
1270 4134 1369 4194 tuam
