3078 4462
314 192 386 286 418
703 180 851 281 lastaria
875 180 1003 283 Etclts.
1029 181 1145 282 Christ.

318 359 468 455 patebit.
515 361 602 439 Vid.
628 359 679 434 Cl.
704 349 938 457 spanhemius
962 361 999 438 in
1025 362 1188 440 Diatriba
1212 363 1256 440 de
1275 364 1354 464 fitia
1372 361 1490 440 'collatio-

318 479 358 532 tta
381 460 504 552 superii
526 465 561 536 in
587 461 755 548 Corolun,
780 481 819 532 tn
845 459 997 536 Miscell.
1022 461 1056 536 S.
1083 459 1206 558 Antiq.
1232 463 1254 541 l.
1280 463 1345 538 lV.
1385 461 1488 531 Verum

162 587 167 597 ·
307 555 461 648 'quidem
486 555 555 649 est,
588 561 743 633 chartam
773 557 953 634 divitioris
986 559 1088 653 regni
1110 554 1205 634 inter
1233 557 1388 652 tres-eius
1407 553 1489 642 lilios,

315 653 361 723 ab
386 653 466 750 lpso
491 653 615 729 Carolo
637 651 783 740 latiam,
842 677 906 730 uae
930 650 1083 750 superest
1107 653 1144 726 in
1171 653 1353 749 Capitular.
1377 654 1492 724 l'rsnco·

316 767 396 821 tum
420 748 546 824 Baluaii
572 771 658 824 tom.
682 748 733 839 l.,
773 745 823 822 mi
852 773 907 824 ani
932 765 1069 846 quoque
1094 747 1162 826 elle
1184 755 1227 826 ad
1253 753 1385 847 Papam,
1418 761 1448 816 ut
1466 743 1493 818 ei

315 843 523 936 subscribat,
550 845 637 920 teste
653 841 841 942 Eginhard.
866 845 905 920 in
921 847 1044 922 Annal.
1071 867 1102 920 a.
1130 851 1236 936 iona,
1262 847 1316 920 sed
1331 848 1427 940 Papae
1440 862 1492 914 non

317 939 370 1016 est
397 942 531 1034 oblata,
556 963 594 1016 ut
619 946 663 1018 ab
685 964 730 1014 eo
753 941 907 1038 requirat
931 942 1175 1030 autoritatem,
1200 966 1282 1018 curn
1303 935 1492 1038 jurejurando

316 1039 388 1134 jam
420 1039 497 1112 satis
521 1035 628 1127 effet,
654 1031 740 1112 teste
765 1037 891 1112 eudetn
905 1055 1048 1130 autore,
1071 1039 1115 1113 ab
1135 1037 1371 1134 optimatibus
1392 1029 1498 1106 confir«

316 1154 429 1222 mata,
455 1133 510 1208 sed
526 1153 573 1210 ut
597 1136 641 1208 de
667 1132 889 1230 genuinitate
913 1134 1024 1230 magis
1047 1133 1247 1224 constaret,
1279 1153 1315 1208 et
1340 1155 1359 1206 a
1379 1128 1491 1202 nemine

316 1229 354 1304 in
383 1230 528 1304 dubium
555 1250 762 1319 vocaretur,
795 1227 890 1304 simul
912 1229 1046 1306 ficibus
1067 1229 1274 1306 executioni
1296 1227 1490 1302 mandaretur.

318 1325 376 1400 Sic
399 1347 435 1400 et
467 1323 607 1423 reliquis
636 1327 718 1400 filiis
753 1325 910 1416 sublatis,
952 1345 989 1400 et
1014 1325 1088 1398 solo
1112 1325 1300 1400 Ludovico
1320 1317 1489 1415 superstite·

316 1443 420 1513 eum,
443 1420 608 1498 consensu
636 1419 852 1508 Primorurn,
885 1419 973 1494 nulla
997 1419 1155 1495 adsensus
1179 1423 1291 1518 Papae
1317 1418 1398 1492 sabla
1418 1431 1498 1490 meu-t

315 1515 436 1608 tione,
468 1513 651 1592 constituit
673 1521 773 1590 totius
788 1519 902 1610 regni,
935 1535 967 1592 tt
984 1519 1158 1612 inperialis
1184 1518 1341 1607 nominis,
1362 1507 1488 1586 lutrtdtn

314 1635 345 1688 ι
363 1621 710 1818 ἓῐὲῼΟΕΧΧΧΙΧ.
737 1705 884 1817 Reliqua
905 1706 1075 1782 levidensi
1100 1707 1248 1782 brachio
1272 1701 1485 1811 perstringatis

313 1825 394 1878 curn
421 1823 568 1876 minoris
595 1802 660 1878 sint
684 1825 869 1877 momenti.
915 1803 1111 1900 Spongiam,
1136 1803 1305 1899 sanguine
1328 1795 1486 1874 cnrubn·

315 1901 456 1988 butant,
495 1917 533 1972 et
558 1900 728 1974 Mantuae
762 1916 972 1997 repertam„
1000 1901 1105 1979 tradit
1127 1897 1309 1974 Annalilia
1331 1887 1482 1976 Metenlt,

313 2021 336 2072 a
365 1997 457 2092 Papa
488 1993 558 2068 elle
589 1995 827 2090 adprobatam.
877 1993 960 2108 on
991 2016 1153 2090 ternpore
1192 1995 1341 2070 Mantua
1362 1991 1398 2064 ab
1427 1979 1483 2090 ipio

203 2119 215 2136 ²
312 2089 365 2168 est
381 2091 461 2208 sede
480 2088 673 2202 Episcopali
689 2111 820 2166 ornata.
864 2090 957 2204 yid.
981 2092 1132 2200 Ugbell3
1148 2091 1225 2166 Ital.
1252 2091 1340 2164 Sacr.
1362 2085 1394 2160 in
1407 2073 1481 2183 Ep1s3

311 2213 415 2362 llll
439 2189 681 2379 illatas
699 2170 1479 2378 latissimiscts‘atllltllll

302 2379 443 2480 finiliro
465 2377 504 2453 in
528 2377 680 2475 Synodis
700 2375 809 2454 fuerit
832 2375 1037 2454 honoratior
1061 2377 1198 2467 habita,
1224 2379 1321 2452 datus
1335 2369 1395 2458 ell,
1410 2366 1476 2470 lte?-

279 2507 283 2522 ·
312 2475 547 2560 resedente,
586 2473 648 2548 liic
671 2472 787 2548 honos
810 2479 965 2552 destrae:
1007 2473 1099 2586 quod
1127 2494 1247 2549 raanan
1277 2467 1382 2568 postea
1406 2475 1498 2568 satta³

132 2581 135 2590 '
309 2571 363 2648 est
387 2585 571 2643 mutatum.
621 2567 709 2642 Vid.
735 2570 991 2666 papebrochius
1017 2591 1055 2644 tn
1078 2586 1195 2644 conatu
1215 2555 1479 2656 CirooitoHt'ssttl·

310 2691 346 2742 to
368 2667 412 2740 od
434 2663 618 2758 catalogum
644 2661 837 2762 Pontificum
860 2671 895 2741 r'n
922 2667 1044 2740 Leone
1073 2665 1157 2754 ill,
1201 2685 1241 2740 et
1266 2665 1309 2738 de
1330 2661 1428 2736 dextra
1444 2663 1477 2718 an

309 2761 442 2842 finistis
467 2760 503 2836 in
526 2759 611 2836 sellu
636 2783 677 2835 ac
701 2760 832 2839 inceliu
853 2760 1080 2838 honoratiore
1105 2763 1183 2858 Jan.
1210 2787 1230 2837 a
1250 2753 1393 2835 eottaiu
1420 2746 1477 2818 De·

311 2881 400 2938 caet.
426 2857 593 2954 Gregorii
610 2859 631 2932 l.
654 2857 685 2932 l.
711 2855 767 2932 tit.
786 2881 843 2954 33.
894 2856 1080 2953 Denique,
1099 2879 1199 2945 cum,
1226 2855 1473 2932 mrotooonan

309 2953 463 3035 Rotnani
485 2955 602 3028 denuo
628 2953 741 3049 ipsum
763 2952 867 3028 variis
887 2971 1074 3028 onerarent
1092 2949 1319 3040 criminibus,
1336 2962 1364 3022 rt
1377 2928 1474 3012 tumul·
1497 2983 1498 2992 κ

310 3078 366 3136 tus
387 3051 633 3138 concitarent,
675 3070 792 3123 coram
816 3048 1007 3126 Ludovico
1031 3049 1142 3124 rursus
1164 3047 1215 3123 est
1247 3046 1411 3127 absolunu,
1438 3037 1470 3098 el

307 3147 409 3234 breis
434 3145 513 3243 post
541 3153 716 3232 mortuus,
743 3168 774 3219 a.
802 3151 885 3224 816.
1471 3215 1473 3222 .

351 3245 383 3344 l.
402 3243 565 3322 CCCXC.
587 3243 866 3338 Sreplnnurlv,
891 3239 974 3317 licet
991 3240 1190 3334 decretum,
1215 3259 1256 3316 ut
1270 3229 1410 3316 Pontifex
1420 3217 1472 3294 ΚΟ·

306 3363 425 3424 manus
452 3339 584 3418 elettm
612 3364 673 3418 non
699 3338 762 3432 nis
782 3337 1009 3438 praesentibus
1041 3339 1164 3433 legatis
1187 3335 1392 3434 inperialilut
1422 3333 1470 3388 ‘ll'
1497 3393 1498 3404 2

220 3447 226 3464 '
296 3447 469 3551 sternar,
510 3435 578 3510 uod
597 3432 662 3533 ipsi
678 3462 697 3512 a
716 3437 888 3512 Gratiano
905 3429 1057 3510 distinct
1078 3459 1096 3530 3
1104 3455 1136 3532 3.
1163 3424 1471 3520 disseminent·
1497 3413 1498 3496 l

304 3536 454 3628 diderit,
481 3461 539 3612 sed
555 3531 753 3628 Stephanus
769 3533 858 3619 Vl„
882 3531 995 3632 vulgo
1014 3530 1121 3618 vin,
1146 3529 1191 3606 de
1208 3554 1277 3631 quo
1293 3521 1411 3628 postet·
1426 3523 1473 3578 ω’

169 3750 171 3759 Ι
301 3639 345 3732 ει
370 3638 490 3722 tmen
509 3625 988 3732 regenerationem,
1008 3629 1066 3728 aas·
1088 3626 1271 3730 sopiretur·
1309 3645 1341 3701 ro
1354 3603 1470 3778 aasz
