3104 4814
131 656 200 732 ,94
384 727 387 733 Ι
534 624 683 724 Ιῦβονία
709 625 838 727 Eccles.
867 626 982 728 clap.

201 810 232 908 p.
258 802 464 881 LXXXIV.
508 803 566 876 De
592 804 667 880 vita
686 805 764 902 ejus
788 804 1019 906 prophetica,
1044 802 1237 905 gestisque,
1262 804 1376 884 dtur·

154 933 229 994 rus,
256 905 315 978 ubi
339 904 383 977 de
411 918 489 971 ortu
514 919 552 972 et
578 904 759 998 progressu
785 902 1140 979 Mubammedanismi
1164 926 1287 1002 agam,
1313 906 1376 981 bic

155 1001 289 1078 notasse
319 1014 504 1074 contentus
528 1018 608 1088 ero,
634 998 746 1095 ipsum
763 1024 856 1075 anno
877 998 1001 1073 aetatis
1020 1022 1118 1089 4omo
1140 1000 1376 1098 prophetam,

157 1119 194 1175 et
220 1101 373 1192 legatum
399 1091 492 1179 Dei,
526 1110 565 1164 ut
589 1094 806 1189 praetendit,
848 1094 1075 1169 constitutum
1100 1090 1189 1186 eise,
1231 1114 1378 1173 etcum

155 1197 296 1289 Angelo
330 1187 491 1264 Gabriele
522 1187 674 1262 habuisse
703 1191 973 1281 commercium,
1015 1212 1077 1285 per
1107 1212 1210 1286 quem
1240 1191 1379 1269 Arauer

148 1290 325 1385 -Spiritum
358 1287 391 1357 S.
427 1281 635 1380 intelligunt.
694 1284 778 1358 Vid.
813 1287 970 1380 Gagnier
996 1286 1039 1358 ad
1072 1285 1235 1360 Abulfcd.
1269 1310 1303 1362 c.
1339 1308 1377 1383 7.

158 1390 217 1462 stc
241 1403 278 1457 et
300 1386 376 1455 Sur.
404 1382 450 1451 II:
481 1385 537 1472 87.
580 1377 750 1475 Spiritum
795 1382 985 1455 sanflitatis
1020 1380 1168 1476 exponit
1200 1383 1299 1459 Gelal
1330 1386 1380 1459 de

33 1518 36 1523 Α
157 1481 332 1557 Gabriele.
385 1480 471 1548 Cum
496 1494 611 1548 autem
636 1474 839 1550 solitudines
864 1499 901 1551 et
933 1474 1079 1550 secellos
1100 1498 1250 1570 amaret,
1277 1478 1381 1555 etin

155 1578 317 1674 spelunca
349 1596 478 1644 mones
503 1573 619 1660 iiara,
664 1574 723 1668 qui
749 1598 767 1668 3
794 1573 900 1648 millia
922 1570 1076 1670 passuum
1099 1594 1121 1646 a
1153 1572 1284 1647 Mecca
1303 1572 1381 1647 dit‘-

155 1692 225 1761 tat,
253 1669 387 1764 stragulis
411 1670 509 1739 anuis
534 1667 686 1740 mensem
721 1690 867 1759 tereret,
909 1665 1053 1754 accidit,
1088 1685 1126 1740 ut
1157 1691 1251 1743 anno
1280 1688 1380 1742 aeta·

155 1770 201 1845 tis
224 1792 282 1859 40.
308 1763 445 1838 Gabriel
473 1766 601 1857 iprum,
635 1764 866 1857 praesentibur
878 1767 1016 1861 aliquot
1033 1763 1276 1851 familiaribus,
1306 1782 1381 1839 rto·

155 1866 254 1940 mine
279 1861 369 1944 Dei,
402 1860 474 1949 ejas
508 1860 772 1949 proclamaverit
802 1862 994 1959 Legatum,
1035 1858 1167 1955 ipsique
1190 1861 1380 1939 tradiderit

154 1965 393 2039 ·Alcoranum:
420 1972 459 2022 ut
485 1950 594 2021 refert
615 1952 788 2027 Abulfeda
808 1977 840 2030 c.
867 1980 922 2051 7.,
947 1960 1083 2052 quaudo
1102 1955 1172 2028 sese
1195 1957 1276 2053 post
1305 1978 1380 2032 tren

153 2075 268 2134 annos
302 2050 406 2121 talem
441 2046 579 2140 publice
613 2048 867 2141 manifestavit,
909 2056 1035 2123 eodem
1062 2050 1147 2124 ibid.
1180 2074 1210 2125 c.
1239 2060 1271 2130 8.
1297 2074 1390 2125 nar·-

156 2168 268 2227 rante.
320 2144 427 2215 Anno
456 2162 542 2213 vcro
572 2164 663 2215 ramo
691 2146 845 2218 muneris
880 2143 1105 2243 prophetici,
1149 2168 1227 2220 cmn
1262 2170 1380 2223 annos

158 2268 204 2340 ga
231 2242 397 2325 baberet,
436 2235 471 2309 in
507 2238 701 2328 supremum
738 2241 883 2316 traditur
916 2238 1092 2314 transsatus
1121 2243 1279 2332 coelum,
1322 2232 1380 2335 uti

157 2347 235 2418 Sur.
260 2336 405 2422 XVII,
440 2357 528 2429 quae
555 2355 740 2429 propterea
767 2339 829 2407 iter
853 2341 1036 2410 nallrrrrrum
1071 2336 1287 2427 inscribitur,
1321 2335 1379 2411 in·

156 2438 293 2523 nuitur,
318 2432 374 2504 sed
395 2431 437 2501 ab
466 2427 636 2500 Abulfeda
662 2452 693 2504 c.
723 2438 800 2522 18.,
826 2431 930 2506 fustus
954 2450 1130 2520 narratur,
1155 2432 1212 2523 qui
1229 2452 1380 2508 contro·

156 2531 251 2610 vetti
274 2526 390 2613 addit,
415 2522 589 2596 faflumne
615 2525 792 2618 incorpore
819 2526 943 2617 fuerit,
976 2550 1019 2598 an
1045 2526 1184 2614 vidone:
1210 2531 1303 2626 quod
1329 2552 1382 2607 ex

161 2630 279 2706 rCor.
305 2623 386 2694 XII.
430 2617 570 2691 videtur
596 2619 761 2696 effiflum.
817 2622 1048 2696 Mubammed
1087 2622 1155 2698 hoc
1196 2625 1262 2698 iter
1303 2646 1381 2703 nou

158 2716 349 2808 malitiose,
393 2733 554 2810 tanquam
587 2715 744 2812 inpostor
783 2717 925 2885 proprie
967 2718 1101 2803 diuus,
1142 2719 1297 2810 effinxit,
1339 2740 1382 2795 ut

158 2814 339 2920 probabile
379 2810 448 2900 cst,
476 2810 555 2902 sed,
581 2811 716 2885 somnio
740 2812 782 2885 de
798 2814 872 2886 usus
892 2868 902 2901 ,
926 2812 960 2886 fe
986 2813 1021 2886 iu
1050 2813 1183 2888 visrone
1209 2806 1387 2891 nocturna*

134 2942 205 2991 ,eo
223 2911 321 2987 soille
346 2909 517 2994 delatum,
545 2908 716 2996 credidit,
750 2929 907 3006 tanquam
932 2909 1103 2983 fanaticus
1127 2930 1163 2983 et
1189 2910 1385 2986 entbufiase

158 3032 214 3096 ως
257 3006 342 3078 srcut
370 3021 456 3072 uror
484 3003 559 3094 eJus
592 3004 741 3088 Aieslra,
776 3007 865 3097 apud
894 3008 1124 3096 Abulfedam,
1158 3004 1279 3082 testata
1313 3006 1385 3085 est.¹

161 3102 289 3202 Quales
313 3094 452 3170 fanatici
479 3096 571 3169 inter
596 3096 688 3189 ipsos
712 3097 924 3173 Christianos
946 3101 1087 3174 fuerunt
1111 3105 1223 3177 multi.
1271 3102 1386 3180 Vixit

161 3217 300 3282 autem,
321 3191 506 3264 fecundum
523 3191 756 3286 vulgatiorem
776 3192 1001 3288 opinionem,
1020 3218 1129 3271 annos
1144 3204 1222 3291 63.,
1239 3199 1298 3297 qui
1315 3223 1381 3275 an·

162 3314 287 3370 norum
305 3310 466 3362 numerus
483 3287 552 3360 sese
570 3285 677 3360 facile
694 3286 832 3379 prodit,
858 3313 938 3364 cum
962 3313 1010 3380 40
1032 3315 1140 3366 annos
1160 3316 1263 3368 natus
1293 3319 1386 3406 pro·-¹

162 3391 268 3490 pheta
285 3383 323 3456 srt
344 3382 469 3468 sallus,
496 3386 644 3456 Merene
660 3380 912 3475 praedicaverit
925 3409 1034 3459 annos
1054 3409 1129 3481 13„
1154 3409 1190 3461 et
1208 3392 1389 3469 Medmae'.

165 3501 319 3561 moratus
351 3479 391 3553 srt
411 3478 490 3574 post
508 3477 678 3573 Hegiram
700 3498 808 3551 armos
843 3504 920 3556 10.:
946 3501 985 3554 ut
1007 3505 1051 3555 ex
1070 3485 1242 3560 Abulfeda
1264 3510 1296 3561 c.
1317 3472 1391 3581 64¹·

163 3577 307 3655 conflat.
364 3576 554 3669 Correptua
584 3594 672 3646 vero
705 3573 947 3676 cephalalgia,
988 3575 1045 3652 seu
1076 3582 1202 3677 capitis
1234 3568 1391 3679 dolore,}

163 3699 243 3751 cum
269 3669 359 3743 febri
383 3687 501 3758 acuta,
527 3669 636 3742 itaut
660 3667 880 3764 deliraverit,
907 3675 1007 3748 brevi
1028 3698 1182 3754 mortuus
1206 3678 1267 3754 est.
1310 3682 1388 3753 Cu··

162 3775 216 3873 jus
240 3764 289 3840 rei
316 3765 406 3837 fama
428 3785 509 3837 cum
532 3765 686 3839 diversos
713 3768 890 3841 suscitaret
913 3792 1044 3858 motus,
1071 3774 1145 3847 aliis
1170 3772 1395 3873 negantibus*

163 3884 339 3945 mortuum
358 3883 437 3933 eum
456 3860 546 3949 else,
571 3863 647 3957 quia
663 3861 797 3957 legatus
816 3863 885 3935 Dei
900 3886 993 3955 erat,
1011 3869 1084 3940 aliis
1099 3871 1379 3964 adfirmantibus,

163 3958 354 4041 Abubelrer
380 3956 478 4030 litem
501 3953 610 4029 fertur
634 3955 817 4045 decidisse,
842 3960 1014 4046 dicendo,
1034 3961 1068 4061 st
1090 3966 1161 4061 puls
1184 3969 1269 4041 colat
1298 3964 1400 4043 Mai

161 4058 375 4151 fratruelem,
401 4068 487 4132 cerlo
506 4068 648 4128 mortuus
667 4050 784 4173 rsl,{st
801 4056 975 4161 quir-color
988 4058 1102 4137 Deum
1115 4048 1394 4177 Marmarata,-

744 4184 751 4221 ·-
823 4184 831 4197 ·
861 4174 865 4193 “
1276 4176 1385 4258 utrque
