3104 4814
150 642 221 716 130
537 610 685 715 Hssorio
708 616 835 719 Eccles.
863 618 978 720 Clrrisl.

149 797 332 873 intereos
361 794 411 869 ita
441 792 613 888 sentiant,
655 799 762 871 verba
793 821 814 871 a
850 798 957 897 vulgo
989 782 1383 872 Muhammedanorum‘

148 897 252 970 aliter
276 889 377 966 suille
402 892 595 982 intellesta,
622 892 799 990 plusquam
819 896 995 988 probabile
1011 895 1083 984 est,
1109 897 1197 968 adeo
1224 915 1261 966 ut
1281 895 1372 967 sum·

150 1013 210 1065 rna
234 988 417 1086 religionis
439 1012 480 1062 ea
507 989 544 1063 iu
568 1010 605 1062 re
629 990 741 1063 fuerit
764 995 955 1079 collocata,
982 1011 1019 1063 et
1045 991 1090 1064 sat
1116 1010 1262 1087 peccata
1283 1014 1373 1063 cen·

150 1087 215 1162 fita
245 1084 375 1158 suerint
408 1084 524 1159 ablui:
569 1106 607 1159 ut
649 1087 755 1160 tradit
793 1088 1007 1160 Bartholom.
1042 1086 1243 1159 Edesseuus-
1275 1084 1372 1183 apud

151 1183 297 1277 Moyne
321 1182 342 1256 l.
368 1179 450 1271 cit,
476 1181 616 1270 dicens,
642 1184 746 1254 docuit
763 1184 919 1279 propbeta
936 1201 1031 1270 runs,
1058 1209 1142 1277 nqrtu
1165 1184 1317 1255 inundari
1339 1198 1375 1254 er

151 1279 243 1354 ablui
267 1282 391 1352 morbos
418 1282 548 1350 animae
582 1299 614 1350 er
645 1284 792 1374 corporis.
850 1280 931 1352 Vid.
965 1279 1073 1351 etiam
1102 1278 1229 1351 Srnitlt.
1257 1280 1277 1351 l.
1307 1280 1374 1352 cit.

132 1372 308 1448 'Videtur
337 1391 453 1447 autern
487 1397 590 1446 autor
613 1375 785 1463 Relandi,
828 1374 887 1470 qui
917 1375 1182 1469 purificationes
1206 1374 1277 1446 illas
1305 1397 1371 1448 ex·

149 1468 267 1568 presse
305 1470 399 1542 inter
427 1468 543 1568 capita
576 1470 728 1564 prailica
759 1493 832 1543 non
866 1490 1052 1559 memorat,
1092 1493 1150 1542 eas
1177 1470 1235 1542 sub
1264 1469 1375 1542 titulo

151 1570 315 1642 orationis
343 1567 668 1662 comprehendisse,
709 1590 791 1640 eum
823 1565 866 1640 ad
890 1590 946 1639 eas
978 1565 1117 1662 proprie
1142 1566 1374 1661 pertineant,

150 1686 193 1738 ut
218 1662 479 1736 Multammedis
503 1663 608 1736 habet
632 1661 785 1748 ditium,
819 1687 880 1736 non
903 1665 1024 1758 accipit
1047 1662 1140 1732 Deus
1162 1668 1271 1754 preces
1297 1663 1379 1758 obs·

152 1785 213 1857 pue
236 1761 369 1848 lotione,
396 1780 433 1831 et
458 1758 570 1848 aliud,
596 1762 749 1832 orationis
771 1760 874 1831 clanis
894 1757 940 1854 est
963 1759 1153 1831 intrudities:
1179 1781 1284 1855 quare
1314 1782 1377 1832 au·

155 1876 214 1930 tor
239 1855 390 1927 Relandi
420 1851 581 1947 precibus
614 1853 789 1948 praemisit
815 1850 1046 1951 lustrationes,
1091 1877 1174 1950 quan
1205 1855 1376 1928 adcurate

154 1947 338 2024 describit:
366 1947 407 2020 ad
434 1949 530 2043 cujus
547 1949 688 2024 dudum
705 1952 796 2026 dabo
814 1972 931 2024 earum
956 1950 1100 2022 brevem
1125 1948 1372 2046 conlpeslum.

155 2044 217 2121 Est
242 2045 332 2138 apud
366 2066 428 2116 eos
454 2046 583 2139 duplex
616 2049 713 2135 lotio,
761 2047 827 2118 alia
862 2048 969 2119 totius
997 2046 1155 2140 corporis
1185 2046 1221 2120 in
1246 2048 1376 2122 balneo

155 2143 214 2217 vel
240 2140 355 2226 labro,
382 2139 475 2213 dista
499 2141 639 2234 algoze,
663 2142 730 2219 alia
750 2139 898 2237 partium
923 2140 1127 2238 aliquarum,
1154 2165 1241 2238 quae
1264 2147 1376 2217 inodora

153 2236 354 2331 adpellatur.
406 2238 564 2331 Utraque
596 2237 704 2310 fiebat
735 2261 841 2332 aqua,
883 2236 953 2310 vid.
987 2237 1138 2312 Pocock.
1173 2255 1249 2312 not.
1272 2238 1374 2314 misc.

155 2353 187 2408 c.
213 2354 268 2424 9.,
294 2330 392 2427 cujus
408 2332 540 2428 septem
561 2333 710 2406 idoneae
729 2333 897 2406 habentur
917 2331 1071 2427 species,
1095 2333 1275 2429 pluvialis,
1301 2358 1375 2408 ma·

153 2429 249 2518 rina,
276 2426 444 2515 fluvialis,
471 2429 636 2523 putealis,
662 2428 824 2519 fontana,
851 2427 987 2517 rivalis,
1026 2450 1063 2502 et
1086 2429 1295 2523 grandinea:
1324 2431 1376 2506 ita

154 2543 292 2611 tamen,
332 2543 370 2596 ut
401 2525 438 2595 in
465 2524 542 2596 casu
576 2524 921 2601 necessitatis.etiam
953 2524 1088 2598 admitti
1117 2524 1219 2621 pulsat
1241 2527 1374 2619 parnis,

155 2644 246 2718 quae
272 2618 438 2718 purgatio
460 2620 617 2693 arenaria
641 2640 808 2706 vocatur,
851 2619 907 2692 sed
936 2622 995 2693 sub
1026 2645 1066 2695 ea
1090 2621 1197 2695 etiam
1223 2622 1376 2716 reliquas

154 2734 267 2792 terrae
283 2713 717 2814 speciesconpletiuntur,
743 2735 781 2790 ut
798 2715 945 2804 florem,
971 2739 1116 2790 crocum
1148 2736 1238 2808 eto,
1265 2717 1375 2792 etiam

155 2813 322 2908 lapillum,
348 2814 433 2906 Sur,
450 2811 518 2886 IV:
542 2831 579 2886 et
605 2813 655 2888 V:
674 2832 707 2904 7.
734 2832 771 2885 et
789 2812 942 2888 barthol.
968 2810 1082 2888 Edels.
1106 2815 1132 2886 l:
1155 2810 1215 2885 cit.
1267 2813 1377 2912 Quod

156 2910 300 3006 Judaeis
325 2929 463 3002 quoque
486 2908 523 2979 in
549 2909 608 2980 usu
632 2906 702 2980 est:
728 2909 787 3004 qui
814 2908 851 2982 in
877 2911 1039 2985 Berurlror
1066 2909 1208 2995 dicunt,
1243 2915 1297 2981 ubi
1323 2914 1380 2984 tle·

150 3005 275 3102 ficiunt
301 3024 403 3095 aquae
426 3001 687 3091 adlevandum,
713 3020 826 3077 ututur
853 3009 922 3097 quis
944 3012 1097 3100 pulnere,
1112 3003 1304 3100 fasciculo,
1327 3007 1384 3079 vel

174 3124 190 3171 e
223 3123 308 3172 ucis.

143 3097 233 3292 fil.
259 3189 388 3265 CXIX.
422 3191 463 3263 ln
483 3189 592 3265 totius
614 3210 729 3265 autern
754 3192 911 3290 corporis
933 3193 1070 3268 lotione.
1093 3194 1181 3270 haec
1212 3194 1381 3271 obtinent

154 3308 367 3391 praecepta,
392 3306 431 3360 ut
446 3285 532 3361 adsit
551 3287 726 3376 intentio,
753 3291 932 3363 abluantur
950 3290 1084 3377 sordes,
1109 3312 1146 3364 et
1166 3314 1252 3387 aqua
1270 3313 1385 3365 cunc-1

157 3410 210 3463 tas
244 3382 409 3482 corporis,
438 3401 555 3478 partes
585 3383 782 3481 contingat.
841 3385 942 3458 Alios
973 3385 1086 3457 adbuc
1121 3386 1257 3460 addidit
1291 3387 1382 3463 ritus

156 3487 296 3573 Sunna,
322 3484 378 3554 vel
406 3478 567 3568 traditio,
593 3488 641 3550 ut
666 3479 835 3553 formulae
860 3481 956 3554 usum
988 3484 1022 3552 in
1051 3487 1177 3555 nornine
1201 3483 1289 3570 Dei,
1328 3483 1382 3556 lo&

157 3579 297 3653 tionem
320 3577 477 3649 volarutn
509 3597 648 3662 manus,
685 3598 867 3676 antequam
892 3575 1038 3675 hydriae
1062 3580 1286 3653 inmittamur
1309 3595 1382 3671 etc.

158 3675 218 3750 Fit
241 3693 356 3748 autern
396 3669 486 3744 haec
521 3673 610 3748 lotio
644 3697 689 3747 ex
721 3695 910 3771 praecepto
946 3692 1093 3770 propter
1126 3675 1186 3749 has
1219 3673 1279 3749 sex
1303 3678 1380 3766 res,

156 3769 403 3867 impuritatem,
429 3767 621 3858 menstrua,
646 3792 801 3865 partum,
826 3770 958 3844 fluxum
980 3770 1155 3867 sanguinis
1181 3768 1262 3869 post
1277 3792 1381 3862 eum,

158 3865 359 3944 oontablum
382 3861 534 3952 mortui,
576 3888 613 3939 er
644 3888 792 3938 mortem
823 3863 951 3959 ipsam,
993 3888 1080 3963 quae
1115 3865 1167 3941 est
1198 3865 1385 3943 cadaveris

155 3964 298 4045 ablutio.
346 3958 414 4034 Sed
440 3957 575 4031 suntet
602 3961 689 4045 alia,
717 3979 855 4056 praeter
880 3960 969 4035 ltaec
994 3960 1199 4052 necessaria,
1225 3987 1314 4060 quae
1332 3986 1380 4038 ex

119 4164 123 4174 ⁵
154 4062 341 4143 traditione
366 4053 550 4156 requirunt
581 4053 813 4199 ablutionem,
847 4056 889 4134 ad
917 4080 961 4156 39
986 4057 1114 4153 usque,
1146 4083 1233 4158 quae
1251 4060 1384 4229 Relpps·
