3220 4460
595 209 907 308 *uu-mn
1043 305 1050 318 ,
1302 227 1365 318 ιι

128 382 327 466 ferisset:
355 383 519 497 quando,
539 389 691 482 publicis
706 394 839 490 Synodi
853 391 1082 489 clamoribus,
1107 393 1290 483 Maeotin,
1313 410 1355 468 ut

127 489 277 588 polliano
295 487 507 571 haeretico,
540 505 637 560 novo
655 487 845 582 Diol'roro,
879 515 977 566 novo
995 492 1214 589 Apollinari,
1244 492 1357 566 Geor·

72 609 74 614 ’
125 588 209 682 gio,
232 581 767 688 utPat'riarchae'orrltorlaxo,
800 611 867 684 pro
891 589 1063 664 Veterum
1089 612 1207 677 more,
1242 579 1355 672 adelr-

123 703 259 756 auatum
291 679 378 754 est„
408 677 560 768 Excepit
583 699 618 768 5.
642 676 979 760 leeliolibellorum
1002 683 1108 775 fidei,
1132 689 1176 760 ab
1205 679 1349 778 Episco-

128 780 183 874 pis
200 773 363 849 Orientis
379 775 594 860 oblatorum,
619 775 701 848 dein
718 779 1105 874 aliorum'scriptorum,
1132 803 1198 876 pro
1214 799 1250 850 et
1266 797 1351 850 con·

122 893 202 959 ara,
228 891 267 944 ιιι
290 865 479 964 Sophronii
507 867 841 968 Hierosolymam,
868 875 970 971 epist.
993 877 1250 974 Synodicaead
1269 873 1348 946 Ser·
1455 887 1459 894 ·

123 971 224 1066 gium
250 983 377 1038 contra
394 963 732 1056 Monotheliimum,
758 971 910 1044 Macatti
928 993 1016 1044 vero
1031 991 1069 1045 et
1085 970 1257 1066 Stephani
1275 989 1348 1064 pro

122 1067 221 1160 ipso,
244 1078 424 1170 praeterea
446 1057 582 1164 Sergii,
605 1082 645 1134 et
670 1065 825 1139 Hunorti
843 1069 976 1162 Papae,
999 1066 1036 1140 in
1064 1069 1139 1163 ejus
1164 1065 1346 1154 favorem,

126 1180 167 1234 et
184 1155 412 1253 capitulorum
433 1153 576 1228 concilii
593 1158 835 1236 Alexandrini.
878 1163 1046 1237 Omnibus
1073 1163 1142 1236 illis
1168 1183 1235 1258 pro
1260 1159 1346 1234 Mo·

128 1251 337 1333 nothelilmo
353 1249 545 1356 damnatis,
571 1271 610 1326 et
625 1255 837 1343 combustis,
855 1259 928 1332 lata
941 1281 1084 1356 quoque
1106 1255 1158 1332 est
1175 1254 1348 1330 sententia

127 1344 469 1427 condemnatoriam
490 1344 770 1440 ipsosautores,
803 1371 841 1426 et
863 1351 1044 1443 fautores,
1076 1348 1278 1426 nominatim
1305 1349 1345 1424 iu

125 1449 277 1543 Cyrum,
296 1439 478 1536 Sergium,
496 1441 665 1538 Pyrrhum
677 1457 692 1532 ,⁴
706 1447 865 1537 Paulum,
884 1451 1046 1538 Petrum,
1061 1466 1098 1521 et
1116 1445 1347 1520 Theodorum

122 1541 366 1624 Prasmon,
392 1535 545 1632 denique
564 1539 601 1611 in
618 1536 729 1634 ipsum
749 1542 963 1622 Honorium.
1013 1549 1046 1618 6.
1069 1543 1264 1618 Damnatus
1283 1542 1344 1614 de·

121 1639 162 1714 in
197 1634 251 1710 est
282 1631 551 1729 Polychroniur,
593 1632 774 1730 discipulus
793 1640 984 1734 ¹Macarii,
1021 1656 1078 1713 tan
1105 1661 1182 1714 uam
1223 1637 1345 1710 haere-

122 1738 217 1810 ticos
241 1750 278 1805 et
297 1726 464 1824 impostor.
511 1728 834 1832 Promiserateuim
850 1755 969 1812 coram
986 1737 1058 1829 Syn
1108 1756 1152 1827 0,
1178 1735 1213 1810 se
1238 1733 1343 1808 mira·

122 1831 205 1906 culo
231 1827 455 1922 probaturum
479 1820 549 1898 effe
575 1825 912 1921 Monothelismum,
948 1850 1125 1908 mortuum
1150 1827 1343 1905 suscitando

121 1949 188 2023 per
228 1923 404 2010 chartam,
434 1917 632 2024 ipsr„cum
652 1921 733 1999 .hac
764 1921 1020 2022 inscriptione,
1051 1923 1255 2022 impolitam,
1288 1927 1343 2018 qui

46 2049 51 2060 ·
116 2045 183 2094 naa
207 2017 377 2112 confitetur
400 2037 498 2088 uriom
522 2015 735 2108 uoluntatem,
757 2037 789 2094 rr
817 2046 912 2096 unam
938 2023 1148 2098 Dei-uirilem
1182 2023 1341 2115 operatio-

121 2139 218 2206 nem,
250 2136 310 2186 nm
337 2114 383 2208 est
410 2111 485 2184 cari
515 2113 629 2186 ianus:
655 2112 862 2192 sedlefellit
881 2139 1041 2194 eventus.
1087 2139 1121 2210 7.
1147 2115 1228 2191 Post
1254 2137 1338 2202 ¹eum

148 2208 348 2304 rescriptur
377 2203 427 2280 est
488 2205 724 2300 onstantinus,
755 2214 985 2306 Apameensrr
1012 2214 1222 2308 Presbyter,
1256 2213 1340 2310 qui,

118 2237 439 2384 Klonothelismum
463 2325 542 2378 cum
569 2304 777 2381 Orthodoxa
803 2307 873 2386 lide
899 2309 1081 2386 conciliari
1119 2306 1237 2403 polle,
1277 2308 1339 2381 de·

118 2402 309 2489 studebat,
333 2395 533 2488 statuendo,
558 2397 638 2474 duas
655 2401 899 2495 operationes,
922 2422 960 2477 et
976 2425 1078 2480 uuam
1098 2403 1339 2494 voluntatem,

120 2496 474 2574 humauafvoluatate
501 2511 661 2591 tompore
688 2497 814 2570 mortis
836 2497 975 2572 abolita.
1012 2495 1139 2594 Quod·
1156 2515 1194 2580 ut
1211 2493 1339 2579 settin

124 2593 354 2693 intelligatur,
378 2589 631 2666 observandum
656 2587 725 2678 est,
750 2613 831 2668 eum
846 2589 1019 2681 statuiffe,
1044 2613 1147 2676 uuam
1164 2590 1201 2678 in
1219 2580 1336 2684 curii,

123 2707 164 2766 to
190 2689 402 2762 voluntatem
427 2683 576 2780 personas
596 2685 663 2760 Dri
684 2687 792 2777 terli,
824 2707 863 2764 et
887 2690 1029 2766 alteram
1065 2687 1246 2778 naturalem
1271 2689 1334 2766 lau·

119 2807 243 2864 manae
268 2799 409 2859 naturae
434 2783 538 2878 usque
560 2780 603 2856 ad
623 2803 784 2874 murem,
824 2784 964 2880 quando
988 2781 1118 2857 abolita
1154 2781 1220 2858 est'
1249 2805 1331 2859 cum

118 2879 288 2976 sanguine
312 2895 350 2950 et
375 2897 500 2964 carne,
524 2875 606 2974 quia
629 2878 678 2958 ab,
693 2899 735 2954 eo
757 2895 919 2973 tempore
946 2875 1102 2952 Christus
1117 2899 1187 2951 non
1211 2877 1332 2954 neces·

116 2974 154 3052 te
172 2973 293 3054 lubuit
311 2975 421 3063 edere,
442 2973 568 3065 bibere,
591 2972 744 3062 dormire,
771 2989 829 3048 our
847 2973 1032 3048 ambulare:
1057 2991 1095 3048 ut
1113 2971 1188 3070 ipse
1204 2971 1332 3072 inquit.

121 3071 179 3146 Ex
201 3091 269 3167 quo
289 3069 422 3166 liquet,
443 3066 528 3165 quid
549 3089 615 3165 per
637 3069 827 3146 naturalem
844 3071 1068 3152 voluntatem
1092 3067 1332 3168 intellexerit,

122 3189 200 3242 eam
221 3165 258 3242 ad
281 3162 438 3244 actiones
460 3183 649 3258 corporeas
671 3161 1121 3260 naturalesnstringendo,
1163 3165 1257 3240 Doni
1285 3189 1332 3264 uo

121 3271 156 3344 8.
181 3259 258 3360 post
280 3259 429 3355 repetita
458 3257 679 3334 anathemata
711 3257 749 3334 io
780 3258 942 3356 personas
973 3274 1197 3350 memorarat,
1285 3264 1334 3347 'ra

117 3357 169 3434 est
186 3381 264 3434 cum
282 3352 440 3430 omnium
456 3351 769 3452 subscriptionibus
785 3353 871 3432 fidei
887 3353 1076 3447 contento,
1088 3353 1175 3430 alla
1191 3377 1237 3452 qu
1287 3352 1331 3436 ue'

116 3451 249 3567 synodi
269 3453 314 3526 ab
338 3451 543 3546 Inperatore
567 3448 771 3528 confirmata
787 3446 885 3540 suut,
917 3447 1004 3526 licut
1021 3469 1059 3525 et
1081 3449 1239 3549 posteaa
1281 3451 1329 3528 lio

113 3545 405 3647 ejusJustiniano,
421 3543 481 3620 sub
497 3565 609 3638 poena
624 3542 851 3641 depofitionia
865 3537 1097 3637 elericorum,
1120 3541 1327 3643 proscripti·¹
1387 3607 1403 3622 .

112 3641 369 3822 oni÷nobiJlium
378 3693 392 3737 ,
409 3636 841 3816 ιιιιίἰςιιὶιιιιεἱῑιιιίέἰιιιιι,Ι
854 3639 949 3730 exilii
962 3637 1330 3840 telinuprpmscivffi·

7 3785 8 3832 ι
104 3781 130 3834 ὁ,
165 3761 255 3822 'mo
310 3793 321 3820 ο
669 3761 671 3768 V
1198 3787 1207 3808 0
