3104 4814
673 600 781 683 Se'ctll.
807 602 875 731 Xs.
1317 632 1395 710 719

161 784 219 862 bel
245 781 282 858 iii
304 779 456 858 Ecclesia
479 780 615 858 docens
637 784 696 858 vel
721 781 759 857 in
789 803 923 879 genere
959 801 1059 858 notat
1091 783 1210 861 earum
1246 785 1378 865 dubri-

158 905 283 957 narum
308 900 347 955 et
372 902 510 954 morum
536 879 777 954 inductionem
813 881 850 951 iii
883 880 1092 971 Ecclesiam,
1130 907 1172 956 et
1202 908 1393 984 propaga·.

159 981 317 1068 tionem,
342 999 422 1051 curn
449 975 611 1052 allusione
634 997 769 1051 tantuin
793 977 835 1049 ad
861 976 1081 1070 Jezabelem:
1120 980 1176 1052 vel
1199 982 1380 1058 Dotlorea

157 1075 290 1171 aliquot
315 1092 442 1167 earum
478 1071 713 1147 doiltinarum
748 1069 940 1167 exprimit,
1007 1075 1097 1149 ualet
1127 1074 1272 1152 suerunt
1309 1082 1384 1155 hoc.

159 1189 321 1267 tempore
355 1169 496 1265 plutei:
547 1169 604 1244 vel
635 1167 672 1242 iii
705 1168 822 1274 specie
854 1168 962 1263 Papae
981 1097 1174 1245 ‘leomanos
1218 1193 1380 1273 tanquam

156 1265 371 1365 praecipuos
395 1265 549 1340 lautores
580 1262 831 1360 superstitionis
862 1283 900 1336 et
933 1265 1194 1364 corruptionia;
1235 1274 1295 1367 qui
1333 1295 1388 1347 eo.

160 1362 297 1457 maiore
316 1361 399 1458 jure
415 1360 484 1436 illo
511 1358 658 1434 veniunt
684 1359 849 1445 nomine,
885 1377 1056 1457 quatenus
1080 1362 1261 1531 ptoffrellu
1288 1389 1388 1445 terne

157 1456 257 1558 potia
281 1456 317 1530 se
341 1457 379 1531 in
403 1455 561 1531 fidelibus
583 1455 812 1545 occidendis,
839 1452 926 1528 sicut
950 1457 1093 1552 Jezabel
1114 1480 1151 1530 re
1168 1460 1270 1556 petiti
1292 1488 1375 1561 pro·

159 1554 349 1651 phetarum
375 1551 537 1649 Jehovae
560 1550 669 1642 secit,
696 1571 734 1625 et
760 1547 1006 1644 superstitione
1033 1554 1125 1629 elata
1147 1574 1250 1631 manti
1275 1577 1386 1637 tuene

158 1651 224 1740 da,
249 1648 335 1722 talea
359 1651 395 1722 se
418 1646 741 1724 demonstraverint
766 1647 897 1720 sumina
918 1646 1085 1745 emphasi.

205 1746 247 1820 C.
274 1744 375 1841 Quae
394 1742 441 1818 de
466 1741 706 1841 castigatione
733 1743 926 1829 habentur,
966 1761 1003 1816 et
1031 1744 1067 1818 in
1095 1749 1300 1842 praesente,
1339 1744 1388 1825 εξ

158 1839 198 1916 in
214 1838 367 1930 sutoro,
390 1858 433 1915 eit
454 1841 636 1937 pertinent
663 1838 705 1915 ad
731 1838 959 1912 Barbaroium
983 1838 1181 1918 invasiones
1205 1848 1243 1917 in
1258 1861 1381 1921 terrae

157 1933 452 2034 Christianorum,
477 1957 565 2034 quae
588 1933 667 2032 post
690 1934 887 2011 viii-sm
913 1931 955 2009 de
982 1957 1081 2010 novo
1105 1937 1257 2014 maxime
1276 1940 1376 2014 inee-

206 2051 311 2122 runt,
335 2047 373 2106 et
396 2028 606 2107 vastationes
630 2031 736 2127 longe
762 2030 900 2126 lateque
923 2029 1239 2125 circumtulerunt,
1261 2053 1298 2108 et
1315 2037 1380 2112 ad..

157 2055 231 2238 Este
255 2129 333 2204 Sec.
358 2127 424 2220 lX,
447 2127 494 2218 X,
517 2126 564 2201 X.
586 2123 852 2201 continuarunt:
879 2126 1071 2223 dequibus
1097 2129 1201 2228 supra
1233 2153 1380 2231 qouque·

158 2246 241 2417 egl:
267 2315 504 2424 DCLXXlll.
535 2315 708 2391 Succedit
723 2314 837 2413 Epist.
863 2313 913 2389 V.
938 2317 1108 2412 Apocal,
1141 2342 1230 2416 quae
1255 2322 1308 2398 est
1330 2294 1381 2404 ad'

159 2411 352 2493 Ecclesiam
379 2413 632 2502 sardicensem,
671 2415 756 2510 Cap.
784 2414 849 2488 111:
875 2432 895 2484 ⁴1
913 2409 1005 2508 seqq.
1055 2415 1096 2487 ln
1120 2438 1187 2511 qua
1209 2417 1379 2515 depingi·

160 2532 221 2589 tur
246 2505 417 2598 Ecclesia,
459 2525 497 2582 ut
520 2507 663 2582 nomine
689 2528 792 2583 tenua
813 2506 916 2598 viva,
959 2509 1016 2582 l'ed
1047 2528 1087 2582 re
1121 2509 1193 2607 ipsa
1222 2531 1379 2610 mortua,

160 2601 333 2683 nonnullis
357 2605 615 2701 languentibus,
641 2622 678 2678 et
701 2627 720 2678 a
746 2624 861 2678 morte
885 2625 957 2676 non
983 2604 1084 2699 longe
1101 2606 1264 2699 remotis,
1291 2634 1378 2707 pau.

162 2703 217 2780 cii
240 2721 376 2776 tantum
400 2699 486 2774 sauia
508 2719 545 2774 et
569 2698 795 2776 latitantibus.
848 2698 920 2797 Qui
949 2698 1177 2777 characteres
1209 2728 1254 2780 eii
1291 2706 1376 2781 nos·

160 2796 796 2989 {lllllntlllblllll
813 2793 1220 2970 lelssblllciill
1249 2801 1376 2973 {ln}

161 2993 264 3067 rebat
294 2986 332 3062 in
364 2986 472 3060 initio
498 2987 593 3081 spem
627 2990 677 3060 rei
703 2990 741 3060 in
774 2986 896 3058 melina
928 2988 1134 3077 mutandae,
1173 3007 1210 3064 er
1233 2921 1379 3088 Ispeclea

162 3086 261 3161 vitae
293 3083 485 3179 conspicua
517 3082 587 3156 suit
620 3082 658 3156 in
688 3081 882 3155 devotione
919 3100 956 3154 et
986 3081 1125 3157 Riiibua
1155 3085 1377 3180 Religionis3

159 3200 198 3256 et
238 3181 276 3255 in
315 3175 574 3275 Propagatione
605 3175 787 3276 Euangelii
820 3199 884 3274 per
915 3176 1069 3262 Gentes,
1110 3202 1198 3273 quae
1223 3185 1301 3257 Sec.
1327 3188 1376 3265 Χ.

160 3275 318 3352 obtinuit
350 3296 422 3347 non
454 3273 663 3362 sementim
702 3273 838 3370 quando
870 3272 981 3379 Papae
1017 3296 1157 3371 queque
1195 3279 1272 3355 Sec.
1308 3283 1374 3361 Xl.

158 3374 236 3472 jnra
267 3369 443 3445 Ecclesiae
514 3389 602 3443 enue
633 3388 828 3465 coeperunt
859 3365 1057 3443 vindicare:
1096 3371 1154 3444 led
1186 3396 1266 3447 vera
1298 3376 1376 3451 Pie·

159 3486 216 3545 tar
244 3467 347 3565 plane
383 3483 458 3541 erat
488 3462 668 3553 extinsla3
706 3462 904 3560 superstitio
935 3483 971 3535 et
1003 3467 1183 3539 carnalitas
1221 3494 1285 3564 per
1320 3491 1380 3545 tn·

160 3584 237 3642 tum
270 3561 516 3637 dominabatur
537 3559 709 3635 Ecclesiae
728 3581 873 3653 corpus:
900 3560 1053 3633 nonnulli
1078 3580 1163 3635 turn
1180 3565 1376 3641 devotione

157 3662 218 3739 illa
244 3680 363 3732 veram
394 3657 566 3755 pietatem
589 3656 702 3730 adbuc
729 3657 848 3751 aliquo
877 3654 983 3726 modo
1015 3656 1296 3752 c-injmgebant,
1336 3682 1376 3737 ut

157 3755 222 3834 liic
251 3750 326 3828 illic
355 3754 393 3829 in
424 3750 637 3841 Coeuobiia;
672 3750 735 3825 sed
764 3750 864 3847 pauci
890 3769 1033 3824 eranra
1065 3752 1310 3846 superstitione
1335 3776 1380 3857 et

155 3849 386 3946 corruptione
419 3847 510 3946 puri.
561 3849 667 3922 Unde
699 3847 770 3922 orti
798 3844 873 3919 sunt
899 3845 1138 3922 waldensium
1149 3876 1167 3933 ,¹
1203 3870 1239 3923 et
1278 3852 1378 3927 Albi·

156 3947 344 4048 genuum,
387 3963 513 4022 coetui
551 3947 630 4020 Sec.
664 3943 746 4017 ΧΗ.
808 3940 908 4036 Quae
950 3963 1029 4013 cum
1071 3967 1114 4020 en
1150 3945 1242 4020 Hill.
1278 3948 1376 4026 Eccl.

154 4065 240 4126 nota
263 4044 364 4137 sunt,
406 4059 445 4119 et
475 4042 578 4143 supra
613 4038 720 4211 sulii}
751 4037 919 4129 deducta,
955 4038 1067 4114 verbo
1102 4041 1256 4138 tetigisse
1287 4043 1378 4153 fulb

153 4186 161 4207 ι
281 4192 290 4207 .
729 4155 865 4225 xxx4
1313 4160 1406 4225 om.

391 4442 421 4483 Ἃ
