3130 4468
443 227 447 234 .
552 157 660 238 Secti.
686 157 754 234 xl.
849 157 852 166 '
1196 155 1270 258 623

71 333 147 428 eia,
168 333 280 437 spreto
301 333 517 418 consobrino
542 339 628 440 suo,
660 356 695 412 et
718 337 884 436 legitimo
909 331 1082 425 haerede,
1116 333 1268 414 donavit

70 432 223 510 licclefiae
243 438 438 514 Romanae.
493 437 584 514 Vid.
607 437 683 511 Leo
701 435 852 510 Ostiens.
879 433 945 507 lll:
969 439 1034 523 46.
1083 431 1199 533 Quam
1218 440 1266 512 ob

69 530 186 608 caulam
207 535 298 634 Papa
323 535 361 610 in
384 531 570 632 illegitimi
594 531 800 610 commercii
830 551 911 624 cum
944 551 987 602 ea
1008 526 1267 627 suspicionem,

70 641 101 700 tt
119 625 244 739 simam·
264 631 462 732 publicam,
489 629 641 722 incidit,
673 647 713 704 ut
743 647 859 705 narrat
882 627 1109 716 Lambertur,
1132 629 1192 724 qui
1217 649 1268 702 ra·

69 743 139 798 men
169 726 282 822 addit,
314 729 400 824 apud
427 749 534 804 ornnes
549 724 671 826 sanant
695 725 819 820 aliquid
842 720 1012 820 sapienter
1043 723 1113 796 late
1145 725 1302 800 clariut'

69 819 182 928 tostin·
206 848 242 918 t,
254 824 358 1000 suppa
372 822 452 924 effi,
476 847 557 922 putto
571 828 778 910 dicebantur,
804 821 886 916 quia
901 817 1031 891 scilicet
1046 819 1157 914 Papae
1172 819 1269 896 sanc·
1348 860 1360 874 ·

67 929 134 994 titan
164 940 236 996 erat
268 943 305 1000 te
337 925 498 1013 atiffima,
538 939 576 1000 et
611 921 679 996 tale
706 918 789 1017 quid
824 915 961 988 Rornae
993 935 1064 988 non
1097 918 1270 1012 potuisset

67 1011 169 1093 latere.
191 1049 196 1058 ·
216 1018 448 1117 Signatum
472 1033 506 1092 et
525 1020 698 1114 prodigia,
722 1011 837 1110 inquit
860 1010 1086 1100 lambertus,
1109 1033 1190 1103 quae
1209 1033 1273 1110 prr

68 1119 209 1188 trutinam
225 1117 340 1212 Papae
346 1115 557 1211 frequentius
565 1115 718 1211 fiebant,
744 1129 777 1184 er
804 1110 900 1182 aelus
922 1108 995 1202 rjus
1009 1103 1274 1205 servemiffimus

62 1224 113 1302 pro
139 1211 216 1286 'Deo
252 1229 287 1287 et
325 1210 566 1306 Etclrfialiicit
606 1211 757 1305 legibus,
797 1203 892 1303 satir
933 1219 1046 1274 contra
1086 1221 1266 1280 venenatus

67 1306 294 1384 sittianorum
311 1313 444 1406 linguas
459 1331 529 1380 eum
544 1307 743 1380 muniebant.
776 1299 1008 1374 Accefferunt
1024 1300 1272 1374 nonnullorum

65 1401 205 1480 Henrici
232 1405 454 1482 familiarium
477 1401 623 1478 miserae
648 1419 685 1474 et
710 1395 906 1473 subitaneae
930 1413 1085 1482 morter,
1110 1417 1198 1490 quae
1224 1399 1274 1472 ob
1400 1447 1412 1466 t

65 1497 98 1573 id
118 1501 223 1598 ipsum
251 1501 480 1579 censebantur
497 1498 669 1576 divinitus
687 1493 855 1569 inlliblae.
902 1493 1112 1566 Lambertua
1135 1492 1173 1566 in
1193 1494 1213 1566 s
1209 1516 1272 1588 pe·

65 1595 113 1670 cie
128 1599 256 1680 retulit
294 1597 480 1690 Wilhelmi
514 1589 776 1692 Ultrajeilensis
806 1605 980 1679 mortem,
1022 1604 1058 1660 et
1084 1587 1272 1664 consessio·

64 1713 135 1767 nem
158 1697 304 1794 abipso
336 1691 486 1784 editam,
523 1689 560 1767 se
585 1687 678 1789 juste
708 1689 757 1762 ob
779 1683 915 1784 flagitia
951 1686 989 1761 in
1020 1683 1149 1778 Papam
1175 1685 1273 1784 pari,

62 1787 116 1864 sed
138 1812 181 1868 cx
207 1797 359 1870 aliorum
392 1791 588 1880 relatione,
620 1785 711 1861 dicit
743 1783 857 1872 enim,
900 1783 935 1853 in
959 1779 1042 1853 stunc
1065 1803 1193 1874 notem,
1236 1795 1274 1856 u‘t

64 1884 216 1984 tsrmrr,
239 1887 318 1984 stne
349 1886 580 1978 communione,
606 1879 681 1978 fine
701 1879 769 1954 ulla
785 1873 1048 1978 satisfailione,
1078 1878 1274 1974 exspiravit.

62 1985 162 2062 rlddit
181 1989 325 2078 Rruno,
365 2006 447 2059 eum
470 1980 548 2079 post
571 1998 725 2056 mortem
753 1969 948 2072 adparuisse
977 1971 1108 2045 Abbati
1134 1975 1275 2051 Clunia·

60 2081 160 2176 censi,
184 2085 295 2180 eique
320 2099 496 2156 aeternam
521 2075 615 2152 suam
633 2067 854 2180 adnuncinsse
872 2065 1146 2143 damnationem.
1194 2071 1274 2145 Ali·
1294 2100 1314 2146 η

56 2199 147 2349 iorum
165 2185 280 2257 etiam
304 2175 426 2254 similia
448 2173 523 2276 sata
552 2171 675 2250 retulit
705 2163 890 2246 Aaualrsia
920 2163 1014 2238 Saxo
1040 2183 1072 2238 a.
1101 2167 1209 2261 1076.
1234 2166 1276 2241 in

81 2297 112 2350 n·
488 2309 491 2316 ,
1197 2288 1199 2292 ,

70 2405 74 2416 ·
100 2371 130 2470 s.
153 2371 397 2449 DLXXXlll.
431 2364 502 2470 Qu‘
549 2363 610 2441 uid
633 2362 699 2452 lit,
722 2353 879 2434 nonnulli
897 2351 1103 2452 hincipet,
1128 2372 1168 2432 ut
1196 2357 1276 2432 Ro·
1358 2405 1360 2412 a

59 2465 161 2546 lullus
175 2471 264 2546 Dux
288 2472 505 2555 suevorum,
583 2459 655 2536 elso
678 2459 763 2535 Dux
779 2453 1041 2561 bajoariorum,
1070 2470 1108 2526 et
1144 2455 1279 2528 Rettul-

58 2565 117 2642 dua
147 2568 236 2643 Dux
261 2561 544 2649 Carinthiorum,
583 2557 689 2634 multi
722 2549 912 2650 Episcopi,
951 2561 1049 2621 inter
1074 2567 1161 2644 quot
1203 2551 1280 2647 ipse
1360 2603 1365 2612 .

33 2661 315 2760 ,Mogontinom
355 2658 554 2736 Henricum
584 2653 832 2738 deseruerunt,
877 2665 1052 2742 euntque,
1089 2644 1282 2724 accedente
1441 2701 1446 2708 .

82 2760 175 2856 opuli
186 2813 197 2853 ,
208 2757 379 2853 Papalem
394 2748 798 2831 excommunicationem
816 2738 963 2817 nimium
982 2740 1160 2830 verentia,
1177 2765 1280 2818 aver.

57 2780 205 2946 itione,
242 2853 286 2930 ad
309 2853 435 2928 incitat
460 2851 563 2948 plane
587 2847 813 2942 redegerunt.
832 2932 843 2951 ·
859 2839 1113 2912 Convenerunt
1139 2861 1283 2940 quoque

56 2949 239 3048 Principes
272 2947 498 3038 Triburiam,
545 2945 642 3020 inter
672 2943 903 3037 Moguntram
927 2949 983 3032 'et
1019 2929 1281 3031 Wormatiam,

57 3071 128 3122 nna
152 3069 235 3123 cnm
259 3043 474 3144 Apostolicis
507 3035 667 3136 legarit,
706 3053 745 3112 ut
768 3049 901 3108 novum
933 3048 1095 3104 crearent
1126 3025 1281 3132 Regem,-

56 3143 141 3243 Quo
164 3147 279 3219 tamen
305 3161 492 3240 autequam
515 3135 683 3226 veniant,
706 3129 874 3208 ilenrico
896 3125 1173 3236 proposuerunt,
1207 3134 1281 3206 vel.

56 3241 159 3316 letne
183 3237 317 3316 causam
341 3238 480 3315 suama
512 3234 628 3332 Papa,
670 3227 732 3326 qui
762 3227 795 3302 A
869 3221 956 3298 stain
986 3240 1127 3334 veniret
1150 3223 1285 3304 llaruto

56 3357 245 3434 ternpore,
274 3334 490 3434 J'udicatam,
523 3349 584 3423 et,
613 3328 732 3404 donec
756 3321 795 3397 id
840 3338 952 3432 eret,
968 3336 1143 3417 privatum
1175 3343 1286 3423 agere

58 3436 207 3534 Spirae,
231 3433 371 3510 dimisso
385 3429 567 3518 exercitu,
589 3423 709 3502 addita
731 3421 1046 3527 interminatione,
1082 3413 1109 3490 li
1133 3439 1201 3510 per
1222 3443 1283 3496 a„-

56 3553 140 3609 nunr
165 3529 202 3606 in
224 3523 593 3609 excommunicatione
615 3537 770 3606 maneat,
796 3513 832 3590 se
858 3514 1022 3624 otnnrbqt
1045 3509 1171 3608 spretis
1196 3537 1285 3592 eon·

58 3630 263 3713 ditionibus
294 3629 403 3726 alium
430 3621 504 3703 csse
526 3617 710 3791 cicipuroa.
751 3613 956 3702 ilenrico,
992 3629 1033 3684 au
1053 3607 1174 3776 ompia
1197 3629 1289 3688 con·

66 3777 99 3794 ·-
627 3713 733 3806 iii4
1128 3707 1290 3802 cutiens,
1366 3755 1380 3772 ,
