3146 4458
576 255 682 336 Secul.
706 257 777 337 IX.
1103 276 1106 294 '
1216 283 1285 364 343
1329 352 1334 362 Ι

85 423 176 528 tnP.
198 419 365 510 lllllxium
392 435 435 512 ad
460 435 592 512 calcem
615 422 700 511 tom.
725 437 753 510 I.
779 435 817 508 de
838 451 995 536 perpetua
1022 429 1189 531 E'cclrstae
1206 445 1278 541 fide

82 537 156 592 circa
170 527 411 627 racmrrjlt'om,
434 553 472 607 et
485 536 577 623 aliis,
608 536 774 608 tribuitur
790 533 869 628 Joli.
892 543 1023 626 scoto,
1046 538 1144 632 cujus
1166 549 1276 616 modo

81 621 227 717 memini,
260 624 318 702 sed
342 630 439 704 reae
465 631 657 705 Ratramno
683 629 877 704 vindicatur
901 635 943 704 ab
966 633 1057 722 alns,
1075 676 1080 692 ·
1098 653 1137 706 ut
1161 639 1273 712 Boila·

80 710 178 789 siaiu
203 725 314 816 praes.
341 729 381 802 ad
403 727 481 800 libri
499 725 693 800 versionem
713 727 899 816 Gallicam,
926 726 1046 802 Natali
1067 729 1167 806 Alex.
1193 733 1270 807 dill.

80 825 125 900 13.
145 811 267 894 adhoc
290 823 380 913 seo,
413 823 625 898 Mobillonio
648 823 685 897 iu
707 822 820 920 praes.
846 824 887 896 ad
913 825 980 898 leo.
1007 823 1075 899 lV.
1101 827 1272 904 Benedic-

78 914 281 1006 un.p.11.,
314 939 352 993 et
376 919 471 993 aliis:
508 918 559 993 est
584 919 678 993 enim
700 917 753 992 ille
778 917 878 993 Scoti
902 920 1022 1014 postea
1045 923 1268 1014 combustus,

75 1003 220 1100 utsupra
243 1011 339 1105 dixi,
371 1015 556 1090 Ratramni
582 1013 711 1106 evasit,
742 1035 810 1088 nec
835 1017 899 1090 ulla
931 1015 1022 1088 ratio
1045 1016 1097 1090 est
1118 1017 1273 1098 libellum

74 1094 249 1206 Rauamno
274 1110 516 1206 abjudicandi,
559 1111 610 1184 esl
641 1129 786 1199 contra,
829 1133 916 1206 quae
945 1134 1018 1206 ¹pto
1049 1133 1093 1184 eo
1124 1137 1274 1209 pugnat,

73 1215 141 1362 lma
160 1201 237 1277 cod.
265 1205 373 1296 Mffi,
404 1231 424 1280 a
449 1205 633 1283 Mabillon.
657 1209 802 1294 citatus,
835 1206 894 1301 qui
922 1207 996 1302 ejus
1020 1225 1148 1282 nomen
1169 1235 1266 1306 prae·

41 1381 43 1384 ,
87 1311 149 1382 ut,
176 1299 219 1372 ab
241 1305 343 1374 annis
366 1301 578 1400 ostingentis
600 1302 651 1378 ell
672 1323 842 1380 exaratus.
892 1303 950 1376 De
973 1301 1074 1397 liujus
1107 1302 1186 1380 libri
1217 1330 1272 1380 ar·

73 1407 245 1485 gumento,
273 1417 312 1470 et
327 1402 458 1472 autoris
475 1399 667 1487 sententia,
692 1395 811 1494 postea
824 1394 929 1472 fufius
951 1421 1062 1494 agam.
1104 1400 1285 1500 Denique.

73 1493 157 1575 duos,
169 1488 257 1584 julla
277 1494 391 1568 Caroli
409 1495 526 1587 Calvi,
544 1493 749 1590 conseripsit
765 1495 874 1568 libros
885 1495 929 1568 de
946 1491 1269 1592 praedestinatione,

73 1581 174 1674 quiin
197 1589 287 1664 Bibl
314 1592 351 1665 P.
375 1591 530 1680 exstant,
556 1592 593 1665 in
620 1592 743 1688 quibua
771 1589 991 1664 Godschallro
1017 1593 1274 1670 videtursave·

72 1697 119 1766 re,
141 1678 259 1778 utique
286 1686 638 1780 praedestinationem
656 1689 837 1784 inpiorum
860 1689 902 1758 ad
927 1709 1193 1793 poenam-nec
1219 1715 1270 1766 ta·

73 1794 136 1846 men
156 1780 195 1852 ad
219 1802 431 1877 peccatum,
455 1783 628 1860 admittit:
653 1785 697 1858 de
723 1805 793 1880 quo
828 1782 936 1855 etiam
961 1781 1057 1860 infra.
1108 1785 1277 1866 Tandem¹

72 1868 159 1946 libros
181 1895 308 1950 contra
336 1878 551 1956 Graecorum
576 1904 713 1956 errores
735 1877 778 1952 ad
796 1875 986 1951 Nicolaum
1009 1881 1135 1977 Papam
1164 1905 1278 1961 com-1

26 2013 28 2028 ·
72 1968 189 2134 solut,
212 1971 276 2071 qui
299 1973 338 2051 in
355 1974 550 2074 spicilegio
571 1975 726 2053 Dacher.
750 1970 885 2047 exstant
903 1991 989 2046 tom.
1016 1977 1068 2064 l.,
1095 1997 1132 2049 et
1148 1979 1270 2074 postea

102 2087 131 2138 ui
149 2087 261 2143 munt.
406 2127 410 2134 .

127 2151 389 2241 ..cccxviii
426 2165 616 2264 Supersunt
644 2182 716 2240 tres
743 2161 954 2240 Godschallri
985 2164 1161 2256 fautores,
1206 2173 1267 2246 vel
1415 2143 1422 2156 ⁵

72 2254 106 2330 de
120 2261 272 2352 ensores,
298 2262 444 2338 etScoti
458 2261 663 2352 adversarii,
680 2261 909 2352 Prudentius,
934 2261 1074 2354 Florus,
1092 2282 1128 2334 et
1147 2266 1271 2341 Remi·

72 2355 153 2449 gius3
176 2357 369 2456 dequibus
391 2361 562 2455 agendum
579 2357 695 2434 restat.
727 2359 942 2447 Prudentius,
967 2357 1004 2430 T
1005 2358 1152 2432 recensis
1168 2360 1270 2457 Epis·

70 2473 162 2546 copus
184 2455 222 2530 in
249 2454 384 2544 Gallia,
425 2477 498 2528 non
523 2473 659 2530 tantum
680 2451 925 2526 intercessione
951 2449 1008 2526 sua
1032 2455 1121 2551 apud
1155 2457 1276 2534 Hinc-t

69 2567 182 2624 mamm
211 2551 363 2639 effecit,
388 2569 427 2624 ut
449 2550 632 2626 humanius
647 2570 725 2624 cum
744 2547 966 2657 Godsclralko
982 2553 1113 2647 egerit,
1138 2576 1166 2627 a.
1185 2561 1269 2646 849.

68 2643 116 2718 sed
136 2665 190 2738 et,
214 2671 300 2724 cum
324 2646 367 2720 ad
389 2644 589 2743 synodum,
614 2645 652 2722 in
678 2643 776 2720 causa
791 2645 1020 2720 ordinationis
1042 2650 1185 2723 Aeneae
1208 2653 1273 2726 Pa·

69 2739 195 2818 riliensrs
222 2743 405 2832 coassam,
430 2741 554 2816 venire
579 2766 650 2818 non
665 2739 796 2838 pollet,
822 2745 1029 2831 aradorium,
1054 2766 1198 2839 quatuor
1215 2771 1272 2821 ar-

67 2835 171 2913 ticulos
193 2841 443 2937 complexam,
468 2836 585 2928 misit,
607 2837 729 2935 quibus
754 2839 934 2928 Aeneam,
958 2859 1144 2935 antequam
1173 2846 1270 2918 ordi·

67 2954 206 3027 naretur,
232 2935 446 3024 subscribere
465 2935 591 3009 voluit.
638 2935 745 3008 Erant
760 2953 898 3024 autem,
924 2953 963 3008 ut
980 2932 1162 3027 videntur,
1187 2961 1274 3037 quaa

69 3045 135 3102 tuor
158 3031 223 3106 illis
252 3029 390 3130 Sy'nodi
415 3031 602 3105 Carisracae
627 3051 750 3104 contra
774 3027 1052 3120 Godschallrum,
1095 3057 1183 3127 quos
1207 3037 1262 3111 su·

69 3143 123 3216 pra
141 3125 171 3198 in
195 3131 397 3203 Hincmaro
422 3126 604 3214 recensui,
645 3126 832 3212 contrarii,
864 3143 912 3198 -et
937 3127 1139 3224 sequentes,
1171 3157 1202 3208 1.
1228 3133 1270 3208 su

68 3225 231 3316 ne‘graria
256 3222 347 3297 nihil
373 3225 459 3298 boni
485 3221 636 3318 cogitari
672 3241 739 3292 aut
764 3219 858 3294 effici
890 3220 1005 3316 polle,
1040 3243 1072 3298 a.
1104 3227 1269 3321 quosdam

65 3316 240 3412 advitam,
266 3317 350 3392 alios
365 3319 406 3392 ad
433 3341 604 3414 poenam,
630 3316 697 3391 eff:
714 3315 999 3413 praedestinatos,
1033 3341 1066 3413 3.
1093 3323 1269 3400 Christum

62 3431 122 3486 non
153 3439 219 3512 pro
253 3415 441 3505 omnibus,
480 3414 539 3488 sed
571 3411 651 3487 solis
682 3413 925 3504 credentibus,
971 3413 1039 3490 effe
1070 3437 1267 3512 mortuum,

60 3527 91 3593 4.
112 3511 226 3585 Deum
252 3513 379 3586 salvare
396 3533 482 3608 quos
499 3509 593 3601 vult,
617 3507 797 3604 neminem
809 3507 905 3607 polle
920 3511 1060 3603 salvari,
1084 3512 1147 3588 nisi
1163 3539 1267 3611 quem

58 3599 123 3696 ipse
139 3607 287 3682 salvarit.
335 3607 409 3682 Hic
433 3603 507 3701 ipse
532 3625 647 3680 tamen
673 3605 881 3681 Prudentius
905 3611 1009 3704 paulo
1031 3627 1112 3682 aute
1137 3613 1266 3722 articu-

57 3699 175 3778 lirillis
202 3701 381 3782 Carifiacia
405 3703 669 3873 subscripserat,
694 3700 786 3778 teste
801 3705 998 3780 Hiocmaro
1014 3706 1058 3777 de
1070 3702 1269 3799 praedestina·

651 3819 723 3890 v4
1157 3822 1267 3902 ‘cap.
