<?xml version="1.0" encoding="UTF-8"?>
<!DOCTYPE html PUBLIC "-//W3C//DTD XHTML 1.0 Transitional//EN"
    "http://www.w3.org/TR/xhtml1/DTD/xhtml1-transitional.dtd">
<html xmlns="http://www.w3.org/1999/xhtml" xml:lang="en" lang="en">
 <head>
  <title>
</title>
<meta http-equiv="Content-Type" content="text/html;charset=utf-8" />
  <meta name='ocr-system' content='tesseract 3.04.00' />
  <meta name='ocr-capabilities' content='ocr_page ocr_carea ocr_par ocr_line ocrx_word'/>
</head>
<body>
  <div class='ocr_page' id='page_1' title='image "./hermannivenemai03venegoog_0494.png"; bbox 0 0 3096 4462; ppageno 0'>
   <div class='ocr_carea' id='block_1_1' title="bbox 261 99 1091 302">
    <p class='ocr_par' dir='ltr' id='par_1_1' title="bbox 261 99 1091 302">
     <span class='ocr_line' id='line_1_1' title="bbox 261 99 1091 302; baseline 0.006 -20"><span class='ocrx_word' id='word_1_1' title='bbox 261 99 380 302; x_wconf 63' lang='lat' dir='ltr'><strong>m</strong></span> <span class='ocrx_word' id='word_1_2' title='bbox 639 175 950 284; x_wconf 62' lang='lat' dir='ltr'><strong>ormnem</strong></span> <span class='ocrx_word' id='word_1_3' title='bbox 972 177 1091 288; x_wconf 68' lang='lat' dir='ltr'><strong>mr</strong></span> 
     </span>
    </p>
   </div>
   <div class='ocr_carea' id='block_1_2' title="bbox 178 353 1529 2292">
    <p class='ocr_par' dir='ltr' id='par_1_2' title="bbox 286 353 1485 460">
     <span class='ocr_line' id='line_1_2' title="bbox 286 353 1485 460; baseline -0.001 -20"><span class='ocrx_word' id='word_1_4' title='bbox 286 357 355 460; x_wconf 88' lang='lat' dir='ltr'><strong>ipli</strong></span> <span class='ocrx_word' id='word_1_5' title='bbox 381 355 433 436; x_wconf 87' lang='lat' dir='ltr'><strong>illi</strong></span> <span class='ocrx_word' id='word_1_6' title='bbox 456 353 618 452; x_wconf 72' lang='lat' dir='ltr'><strong>derne,</strong></span> <span class='ocrx_word' id='word_1_7' title='bbox 640 357 726 438; x_wconf 89' lang='lat' dir='ltr'><strong>odio</strong></span> <span class='ocrx_word' id='word_1_8' title='bbox 752 357 947 459; x_wconf 74' lang='lat' dir='ltr'><strong>flegreoter</strong></span> <span class='ocrx_word' id='word_1_9' title='bbox 964 359 1007 438; x_wconf 83' lang='lat' dir='ltr'><strong>in</strong></span> <span class='ocrx_word' id='word_1_10' title='bbox 1033 355 1299 456; x_wconf 62' lang='lat' dir='ltr'><strong>ifhtodofiu,</strong></span> <span class='ocrx_word' id='word_1_11' title='bbox 1320 357 1485 440; x_wconf 75' lang='lat' dir='ltr'><strong>enode·</strong></span> 
     </span>
    </p>

    <p class='ocr_par' dir='ltr' id='par_1_3' title="bbox 228 453 1529 1996">
     <span class='ocr_line' id='line_1_3' title="bbox 228 453 1480 558; baseline 0.002 -24"><span class='ocrx_word' id='word_1_12' title='bbox 228 507 232 515; x_wconf 67' lang='grc'><em>·</em></span> <span class='ocrx_word' id='word_1_13' title='bbox 283 459 418 558; x_wconf 79' lang='lat' dir='ltr'><strong>jesum.</strong></span> <span class='ocrx_word' id='word_1_14' title='bbox 449 479 556 558; x_wconf 78' lang='lat' dir='ltr'><strong>quem</strong></span> <span class='ocrx_word' id='word_1_15' title='bbox 579 453 685 536; x_wconf 69' lang='lat' dir='ltr'><strong>veiis</strong></span> <span class='ocrx_word' id='word_1_16' title='bbox 703 455 933 538; x_wconf 67' lang='lat' dir='ltr'><strong>diffamamur</strong></span> <span class='ocrx_word' id='word_1_17' title='bbox 956 457 1164 540; x_wconf 83' lang='lat' dir='ltr'><strong>erimioibor</strong></span> <span class='ocrx_word' id='word_1_18' title='bbox 1189 461 1284 558; x_wconf 79' lang='lat' dir='ltr'><strong>epod</strong></span> <span class='ocrx_word' id='word_1_19' title='bbox 1316 457 1480 558; x_wconf 78' lang='lat' dir='ltr'><strong>Crliplrrm</strong></span> 
     </span>
     <span class='ocr_line' id='line_1_4' title="bbox 284 550 1483 654; baseline 0 -22"><span class='ocrx_word' id='word_1_20' title='bbox 284 551 441 632; x_wconf 77' lang='lat' dir='ltr'><strong>Acoeffit</strong></span> <span class='ocrx_word' id='word_1_21' title='bbox 463 550 637 636; x_wconf 77' lang='lat' dir='ltr'><strong>celomoir</strong></span> <span class='ocrx_word' id='word_1_22' title='bbox 666 551 805 648; x_wconf 72' lang='lat' dir='ltr'><strong>Sergii,</strong></span> <span class='ocrx_word' id='word_1_23' title='bbox 840 554 970 634; x_wconf 85' lang='lat' dir='ltr'><strong>medioi</strong></span> <span class='ocrx_word' id='word_1_24' title='bbox 1001 552 1148 647; x_wconf 72' lang='lat' dir='ltr'><strong>miani,</strong></span> <span class='ocrx_word' id='word_1_25' title='bbox 1177 555 1239 654; x_wconf 80' lang='lat' dir='ltr'><strong>qui</strong></span> <span class='ocrx_word' id='word_1_26' title='bbox 1267 553 1483 646; x_wconf 67' lang='lat' dir='ltr'><strong>Pemhrehem</strong></span> 
     </span>
     <span class='ocr_line' id='line_1_5' title="bbox 284 647 1484 748; baseline -0.002 -22"><span class='ocrx_word' id='word_1_27' title='bbox 284 647 560 746; x_wconf 78' lang='lat' dir='ltr'><strong>conspiretiooir</strong></span> <span class='ocrx_word' id='word_1_28' title='bbox 589 669 671 727; x_wconf 79' lang='lat' dir='ltr'><strong>erim</strong></span> <span class='ocrx_word' id='word_1_29' title='bbox 694 649 901 748; x_wconf 71' lang='lat' dir='ltr'><strong>Imperatore</strong></span> <span class='ocrx_word' id='word_1_30' title='bbox 922 651 1162 729; x_wconf 79' lang='lat' dir='ltr'><strong>Romanorum</strong></span> <span class='ocrx_word' id='word_1_31' title='bbox 1186 651 1345 728; x_wconf 81' lang='lat' dir='ltr'>reddidit</span> <span class='ocrx_word' id='word_1_32' title='bbox 1368 649 1484 748; x_wconf 79' lang='lat' dir='ltr'><strong>suiper-</strong></span> 
     </span>
     <span class='ocr_line' id='line_1_6' title="bbox 285 743 1485 846; baseline 0 -24"><span class='ocrx_word' id='word_1_33' title='bbox 285 764 376 824; x_wconf 86' lang='lat' dir='ltr'><strong>tom.</strong></span> <span class='ocrx_word' id='word_1_34' title='bbox 428 746 518 822; x_wconf 85' lang='lat' dir='ltr'><strong>Cum</strong></span> <span class='ocrx_word' id='word_1_35' title='bbox 540 765 659 824; x_wconf 82' lang='lat' dir='ltr'>eutem</span> <span class='ocrx_word' id='word_1_36' title='bbox 684 747 829 842; x_wconf 79' lang='lat' dir='ltr'><strong>Caliplre</strong></span> <span class='ocrx_word' id='word_1_37' title='bbox 860 743 1071 845; x_wconf 74' lang='lat' dir='ltr'><strong>postularet,</strong></span> <span class='ocrx_word' id='word_1_38' title='bbox 1102 764 1144 822; x_wconf 89' lang='lat' dir='ltr'><strong>ot</strong></span> <span class='ocrx_word' id='word_1_39' title='bbox 1175 747 1249 824; x_wconf 85' lang='lat' dir='ltr'><strong>sese</strong></span> <span class='ocrx_word' id='word_1_40' title='bbox 1277 745 1485 846; x_wconf 71' lang='lat' dir='ltr'><strong>iorejumndo</strong></span> 
     </span>
     <span class='ocr_line' id='line_1_7' title="bbox 283 840 1488 1040; baseline -0.001 -26"><span class='ocrx_word' id='word_1_41' title='bbox 283 841 693 1034; x_wconf 56' lang='lat' dir='ltr'><strong>remitterer</strong></span> <span class='ocrx_word' id='word_1_42' title='bbox 715 840 1488 1040; x_wconf 52' lang='lat' dir='ltr'><strong>litterilettmltplllrf</strong></span> 
     </span>
     <span class='ocr_line' id='line_1_8' title="bbox 285 1031 1487 1136; baseline -0.002 -24"><span class='ocrx_word' id='word_1_43' title='bbox 285 1057 328 1116; x_wconf 75' lang='lat' dir='ltr'><strong>oe</strong></span> <span class='ocrx_word' id='word_1_44' title='bbox 348 1035 414 1112; x_wconf 81' lang='lat' dir='ltr'><strong>itte</strong></span> <span class='ocrx_word' id='word_1_45' title='bbox 435 1034 475 1112; x_wconf 86' lang='lat' dir='ltr'><strong>in</strong></span> <span class='ocrx_word' id='word_1_46' title='bbox 497 1055 556 1124; x_wconf 84' lang='lat' dir='ltr'><strong>re,</strong></span> <span class='ocrx_word' id='word_1_47' title='bbox 581 1051 620 1110; x_wconf 91' lang='lat' dir='ltr'><strong>et</strong></span> <span class='ocrx_word' id='word_1_48' title='bbox 644 1031 841 1114; x_wconf 81' lang='lat' dir='ltr'><strong>Chrissirno</strong></span> <span class='ocrx_word' id='word_1_49' title='bbox 864 1034 1027 1132; x_wconf 77' lang='lat' dir='ltr'><strong>dignior,</strong></span> <span class='ocrx_word' id='word_1_50' title='bbox 1052 1033 1129 1132; x_wconf 84' lang='lat' dir='ltr'><strong>egit</strong></span> <span class='ocrx_word' id='word_1_51' title='bbox 1151 1035 1317 1136; x_wconf 72' lang='lat' dir='ltr'><strong>sergiae,</strong></span> <span class='ocrx_word' id='word_1_52' title='bbox 1341 1035 1487 1112; x_wconf 84' lang='lat' dir='ltr'><strong>Nlfibeo·</strong></span> 
     </span>
     <span class='ocr_line' id='line_1_9' title="bbox 285 1127 1487 1228; baseline 0 -22"><span class='ocrx_word' id='word_1_53' title='bbox 285 1127 330 1228; x_wconf 84' lang='lat' dir='ltr'><strong>srr</strong></span> <span class='ocrx_word' id='word_1_54' title='bbox 359 1131 611 1228; x_wconf 68' lang='lat' dir='ltr'><strong>Metropolim,</strong></span> <span class='ocrx_word' id='word_1_55' title='bbox 650 1127 711 1226; x_wconf 84' lang='lat' dir='ltr'><strong>qui</strong></span> <span class='ocrx_word' id='word_1_56' title='bbox 741 1129 920 1226; x_wconf 78' lang='lat' dir='ltr'><strong>Celiphtm</strong></span> <span class='ocrx_word' id='word_1_57' title='bbox 952 1128 1060 1206; x_wconf 78' lang='lat' dir='ltr'><strong>variis</strong></span> <span class='ocrx_word' id='word_1_58' title='bbox 1091 1131 1205 1206; x_wconf 82' lang='lat' dir='ltr'><strong>modis</strong></span> <span class='ocrx_word' id='word_1_59' title='bbox 1242 1129 1421 1222; x_wconf 76' lang='lat' dir='ltr'><strong>delinivit,</strong></span> <span class='ocrx_word' id='word_1_60' title='bbox 1457 1149 1487 1206; x_wconf 90' lang='lat' dir='ltr'><strong>et</strong></span> 
     </span>
     <span class='ocr_line' id='line_1_10' title="bbox 286 1206 1489 1325; baseline -0.005 -19"><span class='ocrx_word' id='word_1_61' title='bbox 286 1227 492 1306; x_wconf 77' lang='lat' dir='ltr'><strong>clmtiauir</strong></span> <span class='ocrx_word' id='word_1_62' title='bbox 517 1225 670 1307; x_wconf 75' lang='lat' dir='ltr'>reddidit</span> <span class='ocrx_word' id='word_1_63' title='bbox 697 1225 945 1300; x_wconf 78' lang='lat' dir='ltr'><strong>faventiorem.</strong></span> <span class='ocrx_word' id='word_1_64' title='bbox 994 1225 1080 1300; x_wconf 88' lang='lat' dir='ltr'><strong>Vid.</strong></span> <span class='ocrx_word' id='word_1_65' title='bbox 1115 1231 1257 1302; x_wconf 83' lang='lat' dir='ltr'><strong>Amram</strong></span> <span class='ocrx_word' id='word_1_66' title='bbox 1294 1229 1386 1325; x_wconf 81' lang='lat' dir='ltr'><strong>apud</strong></span> <span class='ocrx_word' id='word_1_67' title='bbox 1407 1206 1489 1302; x_wconf 73' lang='lat' dir='ltr'><strong>tilie-</strong></span> 
     </span>
     <span class='ocr_line' id='line_1_11' title="bbox 286 1321 1488 1419; baseline -0.002 -21"><span class='ocrx_word' id='word_1_68' title='bbox 286 1347 381 1400; x_wconf 84' lang='lat' dir='ltr'><strong>men.</strong></span> <span class='ocrx_word' id='word_1_69' title='bbox 407 1325 429 1400; x_wconf 91' lang='lat' dir='ltr'><strong>l.</strong></span> <span class='ocrx_word' id='word_1_70' title='bbox 453 1322 512 1400; x_wconf 89' lang='lat' dir='ltr'><strong>eit.</strong></span> <span class='ocrx_word' id='word_1_71' title='bbox 561 1325 745 1408; x_wconf 83' lang='lat' dir='ltr'>Ceterum,</span> <span class='ocrx_word' id='word_1_72' title='bbox 796 1321 862 1396; x_wconf 87' lang='lat' dir='ltr'><strong>uod</strong></span> <span class='ocrx_word' id='word_1_73' title='bbox 890 1343 962 1397; x_wconf 90' lang='lat' dir='ltr'><strong>non</strong></span> <span class='ocrx_word' id='word_1_74' title='bbox 984 1343 1057 1394; x_wconf 81' lang='lat' dir='ltr'>erat</span> <span class='ocrx_word' id='word_1_75' title='bbox 1076 1321 1208 1419; x_wconf 67' lang='lat' dir='ltr'><strong>silentio</strong></span> <span class='ocrx_word' id='word_1_76' title='bbox 1231 1321 1488 1416; x_wconf 78' lang='lat' dir='ltr'><strong>involvendum,</strong></span> 
     </span>
     <span class='ocr_line' id='line_1_12' title="bbox 287 1345 1486 1528; baseline -0.003 -32"><span class='ocrx_word' id='word_1_77' title='bbox 287 1417 588 1496; x_wconf 55' lang='lat' dir='ltr'><strong>seruiendum</strong></span> <span class='ocrx_word' id='word_1_78' title='bbox 618 1413 740 1526; x_wconf 77' lang='lat' dir='ltr'><strong>iioroit</strong></span> <span class='ocrx_word' id='word_1_79' title='bbox 770 1345 942 1510; x_wconf 42' lang='lat' dir='ltr'><strong>iohannes</strong></span> <span class='ocrx_word' id='word_1_80' title='bbox 973 1418 1172 1528; x_wconf 65' lang='lat' dir='ltr'><strong>Maitores,</strong></span> <span class='ocrx_word' id='word_1_81' title='bbox 1212 1421 1323 1517; x_wconf 86' lang='lat' dir='ltr'><strong>vulgo</strong></span> <span class='ocrx_word' id='word_1_82' title='bbox 1342 1419 1486 1520; x_wconf 74' lang='lat' dir='ltr'><strong>Meloe,</strong></span> 
     </span>
     <span class='ocr_line' id='line_1_13' title="bbox 286 1513 1489 1614; baseline -0.003 -22"><span class='ocrx_word' id='word_1_83' title='bbox 286 1515 327 1592; x_wconf 88' lang='lat' dir='ltr'><strong>io</strong></span> <span class='ocrx_word' id='word_1_84' title='bbox 356 1516 518 1592; x_wconf 82' lang='lat' dir='ltr'>fervente</span> <span class='ocrx_word' id='word_1_85' title='bbox 552 1531 663 1608; x_wconf 79' lang='lat' dir='ltr'><strong>gretia</strong></span> <span class='ocrx_word' id='word_1_86' title='bbox 694 1519 785 1607; x_wconf 80' lang='lat' dir='ltr'><strong>apud</strong></span> <span class='ocrx_word' id='word_1_87' title='bbox 814 1515 1023 1588; x_wconf 82' lang='lat' dir='ltr'><strong>Mamonem</strong></span> <span class='ocrx_word' id='word_1_88' title='bbox 1055 1516 1258 1613; x_wconf 78' lang='lat' dir='ltr'><strong>Calrplrem,</strong></span> <span class='ocrx_word' id='word_1_89' title='bbox 1306 1518 1366 1614; x_wconf 84' lang='lat' dir='ltr'><strong>qui</strong></span> <span class='ocrx_word' id='word_1_90' title='bbox 1395 1513 1489 1590; x_wconf 80' lang='lat' dir='ltr'><strong>studit</strong></span> 
     </span>
     <span class='ocr_line' id='line_1_14' title="bbox 286 1604 1488 1708; baseline -0.002 -20"><span class='ocrx_word' id='word_1_91' title='bbox 286 1611 445 1688; x_wconf 71' lang='lat' dir='ltr'><strong>maxime</strong></span> <span class='ocrx_word' id='word_1_92' title='bbox 468 1605 651 1703; x_wconf 85' lang='lat' dir='ltr'><strong>promovit</strong></span> <span class='ocrx_word' id='word_1_93' title='bbox 675 1604 769 1680; x_wconf 85' lang='lat' dir='ltr'><strong>inter</strong></span> <span class='ocrx_word' id='word_1_94' title='bbox 791 1609 946 1700; x_wconf 72' lang='lat' dir='ltr'><strong>Arabes,</strong></span> <span class='ocrx_word' id='word_1_95' title='bbox 977 1608 1140 1708; x_wconf 81' lang='lat' dir='ltr'><strong>cujusque</strong></span> <span class='ocrx_word' id='word_1_96' title='bbox 1165 1613 1307 1686; x_wconf 79' lang='lat' dir='ltr'>hortatu</span> <span class='ocrx_word' id='word_1_97' title='bbox 1330 1609 1488 1708; x_wconf 83' lang='lat' dir='ltr'><strong>Johanoer</strong></span> 
     </span>
     <span class='ocr_line' id='line_1_15' title="bbox 286 1701 1486 1803; baseline -0.004 -19"><span class='ocrx_word' id='word_1_98' title='bbox 286 1709 395 1784; x_wconf 86' lang='lat' dir='ltr'><strong>libror</strong></span> <span class='ocrx_word' id='word_1_99' title='bbox 416 1703 581 1778; x_wconf 86' lang='lat' dir='ltr'><strong>Medicot</strong></span> <span class='ocrx_word' id='word_1_100' title='bbox 604 1721 643 1778; x_wconf 87' lang='lat' dir='ltr'><strong>et</strong></span> <span class='ocrx_word' id='word_1_101' title='bbox 666 1701 936 1801; x_wconf 80' lang='lat' dir='ltr'><strong>Philosophicor</strong></span> <span class='ocrx_word' id='word_1_102' title='bbox 960 1728 981 1778; x_wconf 94' lang='lat' dir='ltr'>e</span> <span class='ocrx_word' id='word_1_103' title='bbox 1010 1709 1135 1803; x_wconf 76' lang='lat' dir='ltr'><strong>linguis</strong></span> <span class='ocrx_word' id='word_1_104' title='bbox 1163 1709 1323 1797; x_wconf 84' lang='lat' dir='ltr'>Graece,</span> <span class='ocrx_word' id='word_1_105' title='bbox 1346 1707 1486 1784; x_wconf 82' lang='lat' dir='ltr'><strong>Chaldai-</strong></span> 
     </span>
     <span class='ocr_line' id='line_1_16' title="bbox 284 1795 1529 1900; baseline -0.002 -22"><span class='ocrx_word' id='word_1_106' title='bbox 284 1817 414 1888; x_wconf 72' lang='lat' dir='ltr'>m..et</span> <span class='ocrx_word' id='word_1_107' title='bbox 436 1797 571 1878; x_wconf 82' lang='lat' dir='ltr'>Perfice</span> <span class='ocrx_word' id='word_1_108' title='bbox 593 1795 630 1872; x_wconf 88' lang='lat' dir='ltr'><strong>in</strong></span> <span class='ocrx_word' id='word_1_109' title='bbox 655 1797 842 1876; x_wconf 79' lang='lat' dir='ltr'>Arabicam</span> <span class='ocrx_word' id='word_1_110' title='bbox 867 1799 1062 1891; x_wconf 78' lang='lat' dir='ltr'><strong>transtulit3</strong></span> <span class='ocrx_word' id='word_1_111' title='bbox 1087 1805 1226 1900; x_wconf 84' lang='lat' dir='ltr'>quando</span> <span class='ocrx_word' id='word_1_112' title='bbox 1243 1826 1351 1900; x_wconf 83' lang='lat' dir='ltr'><strong>opera</strong></span> <span class='ocrx_word' id='word_1_113' title='bbox 1367 1802 1487 1876; x_wconf 84' lang='lat' dir='ltr'><strong>Arilio·</strong></span> <span class='ocrx_word' id='word_1_114' title='bbox 1528 1815 1529 1894; x_wconf 49' lang='lat' dir='ltr'>g</span> 
     </span>
     <span class='ocr_line' id='line_1_17' title="bbox 286 1891 1529 1996; baseline -0.002 -22"><span class='ocrx_word' id='word_1_115' title='bbox 286 1898 370 1974; x_wconf 81' lang='lat' dir='ltr'><strong>telrr</strong></span> <span class='ocrx_word' id='word_1_116' title='bbox 394 1893 473 1970; x_wconf 84' lang='lat' dir='ltr'><strong>sont</strong></span> <span class='ocrx_word' id='word_1_117' title='bbox 497 1891 654 1970; x_wconf 85' lang='lat' dir='ltr'><strong>Arabice</strong></span> <span class='ocrx_word' id='word_1_118' title='bbox 676 1893 785 1970; x_wconf 69' lang='lat' dir='ltr'><strong>verso</strong></span> <span class='ocrx_word' id='word_1_119' title='bbox 833 1895 920 1972; x_wconf 92' lang='lat' dir='ltr'><strong>Vid.</strong></span> <span class='ocrx_word' id='word_1_120' title='bbox 947 1895 1122 1974; x_wconf 82' lang='lat' dir='ltr'><strong>Alieman.</strong></span> <span class='ocrx_word' id='word_1_121' title='bbox 1146 1898 1168 1972; x_wconf 92' lang='lat' dir='ltr'><strong>l.</strong></span> <span class='ocrx_word' id='word_1_122' title='bbox 1194 1898 1258 1974; x_wconf 89' lang='lat' dir='ltr'><strong>cit.</strong></span> <span class='ocrx_word' id='word_1_123' title='bbox 1284 1924 1322 1996; x_wconf 88' lang='lat' dir='ltr'><strong>p.</strong></span> <span class='ocrx_word' id='word_1_124' title='bbox 1346 1921 1421 1990; x_wconf 84' lang='lat'>501.</span> <span class='ocrx_word' id='word_1_125' title='bbox 1474 1897 1478 1904; x_wconf 85' lang='grc'><strong>’</strong></span> <span class='ocrx_word' id='word_1_126' title='bbox 1528 1903 1529 1972; x_wconf 94' lang='lat' dir='ltr'><strong>l</strong></span> 
     </span>
    </p>

    <p class='ocr_par' dir='ltr' id='par_1_4' title="bbox 178 1985 1488 2292">
     <span class='ocr_line' id='line_1_18' title="bbox 178 1985 1485 2094; baseline 0 -26"><span class='ocrx_word' id='word_1_127' title='bbox 178 1985 183 2014; x_wconf 91' lang='lat'>&#39;</span> <span class='ocrx_word' id='word_1_128' title='bbox 333 1994 366 2094; x_wconf 81' lang='lat'><strong>§.</strong></span> <span class='ocrx_word' id='word_1_129' title='bbox 391 1991 607 2068; x_wconf 83' lang='lat' dir='ltr'>ccch111.</span> <span class='ocrx_word' id='word_1_130' title='bbox 647 1990 805 2087; x_wconf 77' lang='lat' dir='ltr'><strong>Sergius,</strong></span> <span class='ocrx_word' id='word_1_131' title='bbox 836 1992 896 2088; x_wconf 88' lang='lat' dir='ltr'><strong>qui</strong></span> <span class='ocrx_word' id='word_1_132' title='bbox 919 1994 962 2067; x_wconf 86' lang='lat' dir='ltr'><strong>ab</strong></span> <span class='ocrx_word' id='word_1_133' title='bbox 988 2017 1021 2068; x_wconf 81' lang='lat' dir='ltr'><strong>e.</strong></span> <span class='ocrx_word' id='word_1_134' title='bbox 1047 2001 1129 2074; x_wconf 89' lang='lat'>861.</span> <span class='ocrx_word' id='word_1_135' title='bbox 1156 1993 1245 2068; x_wconf 88' lang='lat' dir='ltr'><strong>sedit</strong></span> <span class='ocrx_word' id='word_1_136' title='bbox 1271 1995 1317 2070; x_wconf 86' lang='lat' dir='ltr'><strong>ad</strong></span> <span class='ocrx_word' id='word_1_137' title='bbox 1341 2019 1371 2068; x_wconf 67' lang='lat' dir='ltr'><strong>a„</strong></span> <span class='ocrx_word' id='word_1_138' title='bbox 1392 1998 1485 2086; x_wconf 76' lang='lat'><strong>872..</strong></span> 
     </span>
     <span class='ocr_line' id='line_1_19' title="bbox 283 2085 1488 2187; baseline -0.007 -15"><span class='ocrx_word' id='word_1_139' title='bbox 283 2089 529 2172; x_wconf 72' lang='lat' dir='ltr'><strong>celebritatem</strong></span> <span class='ocrx_word' id='word_1_140' title='bbox 561 2089 708 2184; x_wconf 84' lang='lat' dir='ltr'><strong>aliquam</strong></span> <span class='ocrx_word' id='word_1_141' title='bbox 743 2085 862 2164; x_wconf 65' lang='lat' dir='ltr'>natus</span> <span class='ocrx_word' id='word_1_142' title='bbox 893 2086 965 2177; x_wconf 86' lang='lat' dir='ltr'><strong>est,</strong></span> <span class='ocrx_word' id='word_1_143' title='bbox 997 2109 1079 2163; x_wconf 85' lang='lat' dir='ltr'><strong>eom</strong></span> <span class='ocrx_word' id='word_1_144' title='bbox 1102 2089 1195 2187; x_wconf 87' lang='lat' dir='ltr'><strong>quod</strong></span> <span class='ocrx_word' id='word_1_145' title='bbox 1216 2087 1488 2185; x_wconf 82' lang='lat' dir='ltr'><strong>disputationem,</strong></span> 
     </span>
     <span class='ocr_line' id='line_1_20' title="bbox 284 2181 1486 2292; baseline -0.006 -26"><span class='ocrx_word' id='word_1_146' title='bbox 284 2187 467 2292; x_wconf 81' lang='lat' dir='ltr'>praesente</span> <span class='ocrx_word' id='word_1_147' title='bbox 490 2183 651 2281; x_wconf 78' lang='lat' dir='ltr'><strong>Ctliplra,</strong></span> <span class='ocrx_word' id='word_1_148' title='bbox 676 2205 755 2259; x_wconf 86' lang='lat' dir='ltr'><strong>cum</strong></span> <span class='ocrx_word' id='word_1_149' title='bbox 781 2181 909 2278; x_wconf 84' lang='lat' dir='ltr'><strong>Sergio</strong></span> <span class='ocrx_word' id='word_1_150' title='bbox 935 2185 1079 2259; x_wconf 88' lang='lat' dir='ltr'><strong>medico</strong></span> <span class='ocrx_word' id='word_1_151' title='bbox 1102 2185 1235 2260; x_wconf 86' lang='lat' dir='ltr'><strong>Ariaoo</strong></span> <span class='ocrx_word' id='word_1_152' title='bbox 1260 2187 1435 2280; x_wconf 81' lang='lat' dir='ltr'><strong>habuerit,</strong></span> <span class='ocrx_word' id='word_1_153' title='bbox 1456 2187 1486 2260; x_wconf 88' lang='lat' dir='ltr'><strong>in</strong></span> 
     </span>
    </p>
   </div>
   <div class='ocr_carea' id='block_1_3' title="bbox 285 2275 1491 2760">
    <p class='ocr_par' dir='ltr' id='par_1_5' title="bbox 285 2275 1491 2760">
     <span class='ocr_line' id='line_1_21' title="bbox 315 2275 1486 2380; baseline -0.004 -19"><span class='ocrx_word' id='word_1_154' title='bbox 315 2309 358 2361; x_wconf 83' lang='lat' dir='ltr'><strong>oa</strong></span> <span class='ocrx_word' id='word_1_155' title='bbox 391 2282 532 2380; x_wconf 82' lang='lat' dir='ltr'>Sergius</span> <span class='ocrx_word' id='word_1_156' title='bbox 561 2278 661 2355; x_wconf 80' lang='lat' dir='ltr'><strong>cause</strong></span> <span class='ocrx_word' id='word_1_157' title='bbox 687 2278 841 2367; x_wconf 80' lang='lat' dir='ltr'><strong>cecidit,</strong></span> <span class='ocrx_word' id='word_1_158' title='bbox 872 2275 1035 2356; x_wconf 82' lang='lat' dir='ltr'><strong>abstraxit</strong></span> <span class='ocrx_word' id='word_1_159' title='bbox 1067 2297 1183 2356; x_wconf 84' lang='lat' dir='ltr'>tamen</span> <span class='ocrx_word' id='word_1_160' title='bbox 1216 2281 1402 2358; x_wconf 76' lang='lat' dir='ltr'><strong>Ecclesiam</strong></span> <span class='ocrx_word' id='word_1_161' title='bbox 1432 2304 1486 2376; x_wconf 88' lang='lat' dir='ltr'><strong>pro</strong></span> 
     </span>
     <span class='ocr_line' id='line_1_22' title="bbox 286 2311 1487 2476; baseline -0.002 -22"><span class='ocrx_word' id='word_1_162' title='bbox 286 2311 403 2461; x_wconf 55' lang='lat' dir='ltr'><strong>ietire</strong></span> <span class='ocrx_word' id='word_1_163' title='bbox 423 2381 501 2454; x_wconf 78' lang='lat' dir='ltr'><strong>sure</strong></span> <span class='ocrx_word' id='word_1_164' title='bbox 523 2375 726 2452; x_wconf 84' lang='lat' dir='ltr'><strong>hominibut</strong></span> <span class='ocrx_word' id='word_1_165' title='bbox 751 2376 790 2452; x_wconf 87' lang='lat' dir='ltr'><strong>io</strong></span> <span class='ocrx_word' id='word_1_166' title='bbox 815 2373 995 2470; x_wconf 78' lang='lat' dir='ltr'><strong>Bagdado.</strong></span> <span class='ocrx_word' id='word_1_167' title='bbox 1031 2395 1105 2450; x_wconf 85' lang='lat' dir='ltr'><strong>tum</strong></span> <span class='ocrx_word' id='word_1_168' title='bbox 1129 2375 1222 2475; x_wconf 86' lang='lat' dir='ltr'><strong>quod</strong></span> <span class='ocrx_word' id='word_1_169' title='bbox 1242 2379 1306 2452; x_wconf 88' lang='lat' dir='ltr'><strong>sub</strong></span> <span class='ocrx_word' id='word_1_170' title='bbox 1332 2377 1405 2476; x_wconf 91' lang='lat' dir='ltr'><strong>ipso</strong></span> <span class='ocrx_word' id='word_1_171' title='bbox 1432 2375 1487 2452; x_wconf 88' lang='lat' dir='ltr'><strong>fio.-</strong></span> 
     </span>
     <span class='ocr_line' id='line_1_23' title="bbox 285 2469 1491 2570; baseline -0.001 -23"><span class='ocrx_word' id='word_1_172' title='bbox 285 2474 426 2556; x_wconf 82' lang='lat' dir='ltr'><strong>merint</strong></span> <span class='ocrx_word' id='word_1_173' title='bbox 446 2471 518 2546; x_wconf 88' lang='lat' dir='ltr'><strong>duo</strong></span> <span class='ocrx_word' id='word_1_174' title='bbox 540 2469 671 2546; x_wconf 87' lang='lat' dir='ltr'><strong>medici</strong></span> <span class='ocrx_word' id='word_1_175' title='bbox 702 2471 888 2546; x_wconf 85' lang='lat' dir='ltr'><strong>Honaioor</strong></span> <span class='ocrx_word' id='word_1_176' title='bbox 918 2491 957 2545; x_wconf 91' lang='lat' dir='ltr'><strong>et</strong></span> <span class='ocrx_word' id='word_1_177' title='bbox 988 2469 1109 2564; x_wconf 82' lang='lat' dir='ltr'><strong>lsrael,</strong></span> <span class='ocrx_word' id='word_1_178' title='bbox 1140 2473 1198 2570; x_wconf 89' lang='lat' dir='ltr'><strong>qui</strong></span> <span class='ocrx_word' id='word_1_179' title='bbox 1231 2469 1348 2548; x_wconf 86' lang='lat' dir='ltr'><strong>secum</strong></span> <span class='ocrx_word' id='word_1_180' title='bbox 1380 2473 1491 2550; x_wconf 85' lang='lat' dir='ltr'><strong>acriter</strong></span> 
     </span>
     <span class='ocr_line' id='line_1_24' title="bbox 285 2565 1489 2665; baseline -0.002 -21"><span class='ocrx_word' id='word_1_181' title='bbox 285 2565 566 2656; x_wconf 85' lang='lat' dir='ltr'>contenderunt,</span> <span class='ocrx_word' id='word_1_182' title='bbox 591 2567 884 2642; x_wconf 80' lang='lat' dir='ltr'><strong>utdlarhebmeos</strong></span> <span class='ocrx_word' id='word_1_183' title='bbox 899 2567 990 2665; x_wconf 85' lang='lat' dir='ltr'><strong>apud</strong></span> <span class='ocrx_word' id='word_1_184' title='bbox 1007 2567 1182 2644; x_wconf 70' lang='lat' dir='ltr'><strong>Arteman.</strong></span> <span class='ocrx_word' id='word_1_185' title='bbox 1208 2567 1297 2646; x_wconf 91' lang='lat' dir='ltr'><strong>Bibl.</strong></span> <span class='ocrx_word' id='word_1_186' title='bbox 1324 2571 1383 2646; x_wconf 90' lang='lat' dir='ltr'><strong>Or.</strong></span> <span class='ocrx_word' id='word_1_187' title='bbox 1415 2591 1489 2644; x_wconf 89' lang='lat' dir='ltr'><strong>tom.</strong></span> 
     </span>
     <span class='ocr_line' id='line_1_25' title="bbox 286 2663 1488 2760; baseline -0.004 -18"><span class='ocrx_word' id='word_1_188' title='bbox 286 2669 335 2746; x_wconf 91' lang='lat'><strong>11.</strong></span> <span class='ocrx_word' id='word_1_189' title='bbox 360 2689 396 2760; x_wconf 89' lang='lat' dir='ltr'><strong>p.</strong></span> <span class='ocrx_word' id='word_1_190' title='bbox 418 2671 505 2760; x_wconf 86' lang='lat'><strong>438.</strong></span> <span class='ocrx_word' id='word_1_191' title='bbox 530 2679 657 2738; x_wconf 81' lang='lat' dir='ltr'>narret.</span> <span class='ocrx_word' id='word_1_192' title='bbox 705 2663 805 2738; x_wconf 86' lang='lat' dir='ltr'>Inter</span> <span class='ocrx_word' id='word_1_193' title='bbox 829 2663 895 2738; x_wconf 81' lang='lat' dir='ltr'><strong>alia</strong></span> <span class='ocrx_word' id='word_1_194' title='bbox 919 2665 1076 2740; x_wconf 84' lang='lat' dir='ltr'><strong>israelem</strong></span> <span class='ocrx_word' id='word_1_195' title='bbox 1106 2665 1197 2759; x_wconf 85' lang='lat' dir='ltr'><strong>apud</strong></span> <span class='ocrx_word' id='word_1_196' title='bbox 1235 2663 1409 2760; x_wconf 81' lang='lat' dir='ltr'><strong>Caliplram</strong></span> <span class='ocrx_word' id='word_1_197' title='bbox 1439 2666 1488 2738; x_wconf 70' lang='grc' dir='ltr'><strong>ις’-</strong></span> 
     </span>
    </p>
   </div>
   <div class='ocr_carea' id='block_1_4' title="bbox 173 2756 1528 3810">
    <p class='ocr_par' dir='ltr' id='par_1_6' title="bbox 173 2756 1528 3618">
     <span class='ocr_line' id='line_1_26' title="bbox 282 2756 1528 2858; baseline 0.002 -23"><span class='ocrx_word' id='word_1_198' title='bbox 282 2759 440 2848; x_wconf 73' lang='lat' dir='ltr'><strong>culavit,</strong></span> <span class='ocrx_word' id='word_1_199' title='bbox 472 2759 566 2858; x_wconf 86' lang='lat' dir='ltr'><strong>quod</strong></span> <span class='ocrx_word' id='word_1_200' title='bbox 590 2757 723 2833; x_wconf 89' lang='lat' dir='ltr'><strong>idolum</strong></span> <span class='ocrx_word' id='word_1_201' title='bbox 747 2756 842 2832; x_wconf 89' lang='lat' dir='ltr'><strong>domi</strong></span> <span class='ocrx_word' id='word_1_202' title='bbox 876 2760 1028 2852; x_wconf 83' lang='lat' dir='ltr'><strong>coleret,</strong></span> <span class='ocrx_word' id='word_1_203' title='bbox 1062 2759 1141 2855; x_wconf 84' lang='lat' dir='ltr'><strong>quia</strong></span> <span class='ocrx_word' id='word_1_204' title='bbox 1176 2757 1277 2838; x_wconf 83' lang='lat' dir='ltr'><strong>Israel</strong></span> <span class='ocrx_word' id='word_1_205' title='bbox 1316 2760 1380 2834; x_wconf 83' lang='lat' dir='ltr'><strong>ime</strong></span> <span class='ocrx_word' id='word_1_206' title='bbox 1405 2759 1488 2837; x_wconf 77' lang='lat' dir='ltr'><strong>‘ned</strong></span> <span class='ocrx_word' id='word_1_207' title='bbox 1527 2775 1528 2817; x_wconf 77' lang='lat' dir='ltr'><strong>l</strong></span> 
     </span>
     <span class='ocr_line' id='line_1_27' title="bbox 280 2784 1495 3024; baseline -0.003 -94"><span class='ocrx_word' id='word_1_208' title='bbox 280 2854 427 2942; x_wconf 69' lang='lat' dir='ltr'><strong>Mariae</strong></span> <span class='ocrx_word' id='word_1_209' title='bbox 450 2856 611 2946; x_wconf 84' lang='lat' dir='ltr'><strong>colebat,</strong></span> <span class='ocrx_word' id='word_1_210' title='bbox 633 2854 723 3024; x_wconf 48' lang='lat' dir='ltr'><strong>gd!</strong></span> <span class='ocrx_word' id='word_1_211' title='bbox 758 2853 855 2926; x_wconf 85' lang='lat' dir='ltr'><strong>read</strong></span> <span class='ocrx_word' id='word_1_212' title='bbox 878 2855 1113 2931; x_wconf 82' lang='lat' dir='ltr'><strong>Parriarcham</strong></span> <span class='ocrx_word' id='word_1_213' title='bbox 1138 2855 1277 2949; x_wconf 83' lang='lat' dir='ltr'><strong>delata,</strong></span> <span class='ocrx_word' id='word_1_214' title='bbox 1301 2784 1495 2954; x_wconf 63' lang='lat' dir='ltr'><strong>jutitiam</strong></span> 
     </span>
     <span class='ocr_line' id='line_1_28' title="bbox 285 2946 1489 3051; baseline -0.003 -23"><span class='ocrx_word' id='word_1_215' title='bbox 285 2953 340 3034; x_wconf 83' lang='lat' dir='ltr'><strong>est</strong></span> <span class='ocrx_word' id='word_1_216' title='bbox 364 2951 480 3028; x_wconf 79' lang='lat' dir='ltr'><strong>lsrael.</strong></span> <span class='ocrx_word' id='word_1_217' title='bbox 517 2951 632 3028; x_wconf 86' lang='lat' dir='ltr'>Suece</span> <span class='ocrx_word' id='word_1_218' title='bbox 675 2946 777 3044; x_wconf 86' lang='lat' dir='ltr'><strong>trpsr</strong></span> <span class='ocrx_word' id='word_1_219' title='bbox 801 2951 910 3040; x_wconf 79' lang='lat' dir='ltr'><strong>Error,</strong></span> <span class='ocrx_word' id='word_1_220' title='bbox 936 2951 1156 3048; x_wconf 85' lang='lat' dir='ltr'><strong>posteaquam</strong></span> <span class='ocrx_word' id='word_1_221' title='bbox 1181 2953 1283 3051; x_wconf 85' lang='lat' dir='ltr'><strong>sopra</strong></span> <span class='ocrx_word' id='word_1_222' title='bbox 1307 2975 1369 3026; x_wconf 86' lang='lat' dir='ltr'>trer</span> <span class='ocrx_word' id='word_1_223' title='bbox 1387 2971 1489 3024; x_wconf 81' lang='lat' dir='ltr'><strong>annor</strong></span> 
     </span>
     <span class='ocr_line' id='line_1_29' title="bbox 281 3041 1489 3146; baseline -0.005 -20"><span class='ocrx_word' id='word_1_224' title='bbox 281 3055 328 3134; x_wconf 84' lang='lat' dir='ltr'><strong>de</strong></span> <span class='ocrx_word' id='word_1_225' title='bbox 354 3045 433 3123; x_wconf 84' lang='lat' dir='ltr'><strong>sede</strong></span> <span class='ocrx_word' id='word_1_226' title='bbox 456 3045 617 3123; x_wconf 71' lang='lat' dir='ltr'><strong>certasset</strong></span> <span class='ocrx_word' id='word_1_227' title='bbox 640 3067 721 3120; x_wconf 88' lang='lat' dir='ltr'><strong>eum</strong></span> <span class='ocrx_word' id='word_1_228' title='bbox 749 3041 891 3131; x_wconf 83' lang='lat' dir='ltr'><strong>israele.</strong></span> <span class='ocrx_word' id='word_1_229' title='bbox 933 3045 1094 3122; x_wconf 80' lang='lat' dir='ltr'><strong>Cascarae</strong></span> <span class='ocrx_word' id='word_1_230' title='bbox 1121 3047 1323 3146; x_wconf 84' lang='lat' dir='ltr'><strong>Episcopo:</strong></span> <span class='ocrx_word' id='word_1_231' title='bbox 1351 3041 1431 3120; x_wconf 81' lang='lat' dir='ltr'><strong>sedit</strong></span> <span class='ocrx_word' id='word_1_232' title='bbox 1450 3045 1489 3120; x_wconf 87' lang='lat' dir='ltr'><strong>ab</strong></span> 
     </span>
     <span class='ocr_line' id='line_1_30' title="bbox 283 3137 1486 3240; baseline 0.004 -25"><span class='ocrx_word' id='word_1_233' title='bbox 283 3173 314 3232; x_wconf 65' lang='lat' dir='ltr'><strong>a.</strong></span> <span class='ocrx_word' id='word_1_234' title='bbox 342 3151 423 3234; x_wconf 85' lang='lat'>877.</span> <span class='ocrx_word' id='word_1_235' title='bbox 448 3142 490 3219; x_wconf 86' lang='lat' dir='ltr'><strong>ad</strong></span> <span class='ocrx_word' id='word_1_236' title='bbox 513 3165 546 3219; x_wconf 75' lang='lat' dir='ltr'><strong>a.</strong></span> <span class='ocrx_word' id='word_1_237' title='bbox 574 3149 658 3234; x_wconf 86' lang='lat'>884.</span> <span class='ocrx_word' id='word_1_238' title='bbox 705 3139 793 3215; x_wconf 84' lang='lat' dir='ltr'><strong>Inde</strong></span> <span class='ocrx_word' id='word_1_239' title='bbox 818 3137 988 3234; x_wconf 76' lang='lat' dir='ltr'><strong>Jolrannrs</strong></span> <span class='ocrx_word' id='word_1_240' title='bbox 1020 3141 1212 3234; x_wconf 78' lang='lat' dir='ltr'>Narseter,</span> <span class='ocrx_word' id='word_1_241' title='bbox 1248 3139 1385 3240; x_wconf 85' lang='lat' dir='ltr'><strong>etpost</strong></span> <span class='ocrx_word' id='word_1_242' title='bbox 1416 3163 1486 3220; x_wconf 80' lang='lat' dir='ltr'><strong>eom</strong></span> 
     </span>
     <span class='ocr_line' id='line_1_31' title="bbox 282 3235 1485 3336; baseline -0.006 -22"><span class='ocrx_word' id='word_1_243' title='bbox 282 3240 372 3326; x_wconf 69' lang='lat' dir='ltr'><strong>plius</strong></span> <span class='ocrx_word' id='word_1_244' title='bbox 386 3235 576 3330; x_wconf 79' lang='lat' dir='ltr'><strong>Joltomrrr‚</strong></span> <span class='ocrx_word' id='word_1_245' title='bbox 603 3236 763 3335; x_wconf 75' lang='lat' dir='ltr'><strong>usquead</strong></span> <span class='ocrx_word' id='word_1_246' title='bbox 786 3261 816 3314; x_wconf 84' lang='lat' dir='ltr'><strong>e.</strong></span> <span class='ocrx_word' id='word_1_247' title='bbox 834 3245 931 3328; x_wconf 90' lang='lat'><strong>898.‚</strong></span> <span class='ocrx_word' id='word_1_248' title='bbox 946 3237 1074 3336; x_wconf 84' lang='lat' dir='ltr'><strong>dignor</strong></span> <span class='ocrx_word' id='word_1_249' title='bbox 1088 3239 1332 3314; x_wconf 78' lang='lat' dir='ltr'><strong>Patriarcliatu</strong></span> <span class='ocrx_word' id='word_1_250' title='bbox 1345 3235 1485 3322; x_wconf 68' lang='lat' dir='ltr'><strong>halitus,</strong></span> 
     </span>
     <span class='ocr_line' id='line_1_32' title="bbox 279 3327 1485 3443; baseline -0.012 -29"><span class='ocrx_word' id='word_1_251' title='bbox 279 3335 376 3443; x_wconf 83' lang='lat' dir='ltr'><strong>qood</strong></span> <span class='ocrx_word' id='word_1_252' title='bbox 403 3351 528 3408; x_wconf 84' lang='lat' dir='ltr'>notatu</span> <span class='ocrx_word' id='word_1_253' title='bbox 554 3332 700 3428; x_wconf 83' lang='lat' dir='ltr'><strong>dignum</strong></span> <span class='ocrx_word' id='word_1_254' title='bbox 725 3331 796 3423; x_wconf 89' lang='lat' dir='ltr'><strong>est,</strong></span> <span class='ocrx_word' id='word_1_255' title='bbox 821 3354 901 3406; x_wconf 88' lang='lat' dir='ltr'><strong>cum</strong></span> <span class='ocrx_word' id='word_1_256' title='bbox 928 3333 1099 3408; x_wconf 81' lang='lat' dir='ltr'><strong>homiliam</strong></span> <span class='ocrx_word' id='word_1_257' title='bbox 1120 3335 1308 3434; x_wconf 81' lang='lat' dir='ltr'><strong>Gregorii,</strong></span> <span class='ocrx_word' id='word_1_258' title='bbox 1327 3327 1485 3424; x_wconf 77' lang='lat' dir='ltr'><strong>Theolog&#39;i</strong></span> 
     </span>
     <span class='ocr_line' id='line_1_33' title="bbox 285 3424 1490 3524; baseline -0.007 -20"><span class='ocrx_word' id='word_1_259' title='bbox 285 3428 422 3518; x_wconf 61' lang='lat' dir='ltr'><strong>eximie</strong></span> <span class='ocrx_word' id='word_1_260' title='bbox 449 3424 554 3513; x_wconf 72' lang='lat' dir='ltr'><strong>dieti,</strong></span> <span class='ocrx_word' id='word_1_261' title='bbox 596 3429 641 3500; x_wconf 87' lang='lat' dir='ltr'><strong>de</strong></span> <span class='ocrx_word' id='word_1_262' title='bbox 667 3430 793 3522; x_wconf 84' lang='lat' dir='ltr'><strong>Spiritu</strong></span> <span class='ocrx_word' id='word_1_263' title='bbox 818 3429 878 3515; x_wconf 78' lang='lat' dir='ltr'><strong>S.,</strong></span> <span class='ocrx_word' id='word_1_264' title='bbox 910 3425 981 3502; x_wconf 86' lang='lat' dir='ltr'><strong>fine</strong></span> <span class='ocrx_word' id='word_1_265' title='bbox 1003 3431 1177 3506; x_wconf 86' lang='lat' dir='ltr'><strong>additione</strong></span> <span class='ocrx_word' id='word_1_266' title='bbox 1203 3449 1265 3524; x_wconf 82' lang='lat' dir='ltr'>:rut</span> <span class='ocrx_word' id='word_1_267' title='bbox 1293 3427 1490 3504; x_wconf 64' lang='lat' dir='ltr'><strong>detritione</strong></span> 
     </span>
     <span class='ocr_line' id='line_1_34' title="bbox 173 3517 1490 3618; baseline -0.008 -14"><span class='ocrx_word' id='word_1_268' title='bbox 173 3535 179 3552; x_wconf 87' lang='lat'><strong><em>‘</em></strong></span> <span class='ocrx_word' id='word_1_269' title='bbox 281 3523 473 3616; x_wconf 67' lang='lat' dir='ltr'><strong>mitriiet.</strong></span> <span class='ocrx_word' id='word_1_270' title='bbox 524 3520 578 3598; x_wconf 90' lang='lat' dir='ltr'><strong>Hi</strong></span> <span class='ocrx_word' id='word_1_271' title='bbox 601 3543 725 3598; x_wconf 80' lang='lat' dir='ltr'><strong>ornnes</strong></span> <span class='ocrx_word' id='word_1_272' title='bbox 747 3522 836 3598; x_wconf 91' lang='lat' dir='ltr'><strong>nihil</strong></span> <span class='ocrx_word' id='word_1_273' title='bbox 859 3528 1107 3616; x_wconf 85' lang='lat' dir='ltr'><strong>memorabile,</strong></span> <span class='ocrx_word' id='word_1_274' title='bbox 1148 3529 1241 3618; x_wconf 86' lang='lat' dir='ltr'><strong>quod</strong></span> <span class='ocrx_word' id='word_1_275' title='bbox 1266 3527 1409 3600; x_wconf 81' lang='lat' dir='ltr'><strong>relatum</strong></span> <span class='ocrx_word' id='word_1_276' title='bbox 1431 3517 1490 3609; x_wconf 80' lang='lat' dir='ltr'><strong>est,</strong></span> 
     </span>
    </p>

    <p class='ocr_par' dir='ltr' id='par_1_7' title="bbox 279 3613 1527 3834">
     <span class='ocr_line' id='line_1_35' title="bbox 279 3613 1490 3742; baseline -0.003 -40"><span class='ocrx_word' id='word_1_277' title='bbox 279 3624 470 3742; x_wconf 55' lang='lat' dir='ltr'><strong>‘efferunt</strong></span> <span class='ocrx_word' id='word_1_278' title='bbox 518 3615 680 3710; x_wconf 77' lang='lat' dir='ltr'><strong>Claudam</strong></span> <span class='ocrx_word' id='word_1_279' title='bbox 699 3615 816 3716; x_wconf 79' lang='lat' dir='ltr'><strong>iraque</strong></span> <span class='ocrx_word' id='word_1_280' title='bbox 841 3615 1138 3716; x_wconf 81' lang='lat' dir='ltr'><strong>Nestorirnorum</strong></span> <span class='ocrx_word' id='word_1_281' title='bbox 1166 3620 1371 3729; x_wconf 67' lang='lat' dir='ltr'><strong>pistoriam,</strong></span> <span class='ocrx_word' id='word_1_282' title='bbox 1408 3613 1490 3714; x_wconf 79' lang='lat' dir='ltr'><strong>poll·</strong></span> 
     </span>
     <span class='ocr_line' id='line_1_36' title="bbox 328 3730 1491 3810; baseline 0.01 -38"><span class='ocrx_word' id='word_1_283' title='bbox 328 3761 332 3772; x_wconf 93' lang='lat'><strong><em>.</em></strong></span> <span class='ocrx_word' id='word_1_284' title='bbox 790 3763 797 3784; x_wconf 76' lang='grc'><strong>,</strong></span> <span class='ocrx_word' id='word_1_285' title='bbox 833 3766 851 3776; x_wconf 87' lang='grc'><strong>..</strong></span> <span class='ocrx_word' id='word_1_286' title='bbox 1406 3730 1491 3810; x_wconf 81' lang='lat' dir='ltr'><strong>quem</strong></span> 
     </span>
    </p>
   </div>
   <div class='ocr_carea' id='block_1_5' title="bbox 0 0 1552 4462">
    <p class='ocr_par' dir='ltr' id='par_1_8' title="bbox 0 0 1552 4462">
     <span class='ocr_line' id='line_1_37' title="bbox 0 0 1552 4462; baseline 0 0"><span class='ocrx_word' id='word_1_287' title='bbox 0 0 1552 4462; x_wconf 95' lang='lat' dir='ltr'><strong> </strong></span> 
     </span>
    </p>
   </div>
  </div>
 </body>
</html>
