3104 4814
843 454 860 471 N

583 714 586 719 .
691 634 798 716 Secu.
824 640 910 721 VII.
1341 649 1411 723 ω’

181 826 219 877 ex
240 803 465 917 praejudicio
483 806 583 916 ‘coeli
608 814 665 888 vel
688 817 889 913 gehennae,
921 814 1073 892 adeunt
1098 814 1157 893 aiii
1185 816 1224 897 iu
1255 815 1318 895 ina·
1337 824 1406 916 spe.

173 902 367 996 laetentur,
391 908 452 979 ahi
480 928 518 979 ιη
540 929 639 983 metu
664 915 853 987 tristentur.
895 914 964 987 Sed
980 914 1094 989 notari
1112 937 1291 1008 meretur,
1311 920 1405 993 Mu·

175 997 349 1110 hemqu.
377 1002 522 1075 tertium
542 1006 659 1095 adhuc
672 1009 791 1082 iocum
814 1028 850 1083 et
872 1008 996 1082 statum
1012 1010 1186 1105 adsignare
1203 1013 1288 1103 illis,
1312 1014 1396 1110 qui,

174 1099 376 1171 naturalium
407 1098 611 1173 facultatum
630 1103 788 1193 deletu,
814 1126 880 1179 nec
899 1109 1051 1195 bonum,
1077 1109 1311 1197 necmaium,
1337 1108 1394 1181 fe·

174 1212 317 1281 cetunt5
343 1196 460 1290 quales
484 1195 562 1267 sunt
583 1197 750 1289 infantes,
783 1198 892 1289 fatui,
922 1220 960 1272 et
984 1201 1109 1275 ssmiles
1131 1202 1208 1291 ulii,
1240 1204 1300 1278 ubi
1324 1225 1395 1279 nec

174 1289 301 1361 bunum
326 1288 503 1379 sentiunt,
527 1313 596 1368 nec
620 1298 757 1369 malum.
799 1299 1049 1391 purgatorium,
1075 1299 1133 1371 vel
1156 1299 1239 1395 quid
1260 1298 1392 1393 ssmile,

170 1381 323 1459 statuiise
338 1388 611 1478 Muhammed.,
637 1394 776 1465 tradunt
798 1394 938 1489 quidem
956 1393 1185 1483 uussionarii,
1200 1393 1247 1467 ita
1264 1415 1302 1467 ut
1316 1394 1395 1470 ani·

171 1503 246 1553 mae
270 1505 338 1577 per
361 1504 508 1578 quatuor
532 1484 605 1556 dies
627 1485 693 1563 sint
713 1486 751 1579 in
770 1487 851 1562 luco
875 1488 1134 1582 poeniteutiae,
1159 1490 1220 1563 iud
1242 1489 1392 1584 ejusmo-

172 1577 315 1674 diquud
340 1580 436 1675 apud
466 1602 527 1651 eus
558 1601 665 1675 negat
693 1585 838 1678 reperiri
869 1584 1014 1655 charum
1032 1650 1035 1655 .
1050 1585 1070 1656 i.
1097 1588 1158 1657 cit.
1196 1586 1314 1657 sorte
1339 1602 1397 1661 ta·.

172 1696 273 1764 men,
297 1675 467 1749 homiues
493 1675 529 1748 in
550 1675 690 1771 judicio
715 1679 843 1753 ulumo=
858 1702 921 1773 per
938 1677 1054 1773 ignem
1081 1680 1149 1751 ess'e
1167 1679 1389 1771 transituros,

173 1792 255 1866 quae
272 1770 466 1845 multorum
491 1772 651 1862 Paetum,
676 1793 715 1846 ut
743 1776 866 1869 supra,
891 1774 950 1847 suo
966 1777 1067 1862 ioco,
1092 1774 1296 1864 observavi,
1318 1774 1391 1850 fuit

173 1866 314 1959 opinio,
341 1886 382 1941 et
403 1866 451 1939 fic
472 1869 690 1964 purgandos,
715 1870 932 1944 admiserunt.
980 1869 1068 1944 Vid.
1091 1892 1191 1943 autur
1216 1869 1389 1962 Relandi,

170 1968 348 2053 neminem,
371 1962 526 2053 scilicet,
558 1988 600 2035 eu·
617 1966 772 2059 fidelibus
799 1971 831 2039 iu
855 1971 929 2060 igne
952 1963 1105 2051 infernali
1128 1985 1295 2040 aeteruum
1319 1990 1393 2039 niu·

170 2082 263 2149 nere,
286 2058 555 2155 [adiuvaturos
580 2064 614 2131 in
634 2060 840 2157 paradisum,
879 2061 1043 2158 postquam
1072 2084 1191 2154 poenus
1214 2064 1390 2154 dederunt,

163 2160 269 2251 juxta
294 2157 529 2250 proportionem
555 2171 757 2250 peccatorum
780 2157 937 2255 suorum..
981 2160 1041 2229 Sic
1075 2177 1113 2229 et
1143 2158 1177 2230 in
1210 2158 1391 2233 Alcorano

171 2254 243 2329 Sur.
268 2253 371 2327 XIX:
398 2259 456 2330 68.
481 2267 513 2322 ec
538 2275 599 2324 nou
623 2254 669 2348 est
693 2278 735 2326 cx
759 2259 868 2343 vobis,
898 2256 952 2347 qui
976 2277 1036 2327 nou
1053 2250 1099 2343 ſsi
1124 2250 1328 2348 descensurus
1344 2257 1392 2331 aa
1472 2284 1477 2292 ·

168 2352 278 2438 iilum,
307 2349 505 2447 (geliennam
528 2350 677 2444 scilicet)
698 2364 753 2440 ἐμ
779 2355 833 2423 luc
859 2353 945 2448 apud
966 2350 1138 2419 Dominum
1160 2365 1248 2421 tuum
1279 2354 1389 2437 decreq

164 2462 233 2517 tum
259 2444 416 2539 decisum.
463 2444 580 2533 Dein,
605 2446 811 2519 liberabimus
837 2469 907 2533 eus,
931 2450 984 2538 qui
1000 2443 1132 2538 fuerint
1155 2448 1311 2520 timorati.

210 2539 245 2638 i.
274 2543 352 2615 CX.
384 2538 655 2635 Resurru‘it'oneuz
687 2564 928 2628 mortuorum,
952 2564 1053 2635 quum
1076 2539 1225 2614 firmiter
1242 2552 1392 2633 tenent,¹

167 2662 238 2711 nun
268 2656 429 2725 tantum,
460 2657 498 2708 ut
523 2638 627 2732 aliqui
662 2638 755 2710 inter
778 2634 868 2734 ipi'oi
895 2636 1117 2732 Philosophi,
1158 2634 1390 2732 spiritualem,

165 2758 255 2831 quae
285 2735 423 2809 animae
447 2731 499 2805 est
521 2733 683 2827 propria,
708 2732 766 2805 sed
793 2753 829 2806 et
853 2734 1091 2826 corporalem,
1115 2730 1192 2803 fore
1218 2733 1388 2823 creduut,

167 2835 216 2905 ita
240 2852 284 2905 ut
305 2830 440 2902 animae
462 2846 501 2902 et
522 2832 664 2922 propria
687 2851 804 2903 earum
839 2850 987 2921 corpora
1017 2827 1133 2898 secum
1166 2827 1278 2899 rursus
1311 2829 1390 2899 uni·

166 2947 290 3014 autur,
326 2946 393 2998 nec
421 2944 536 2996 tamen
561 2924 720 2997 omnium
754 2925 911 3017 corporis
934 2921 1084 3018 partium
1098 2921 1296 3017 ‚respeeim
1330 2920 1389 2999 sed

168 3047 290 3099 earum
319 3040 475 3108 tantum,
514 3043 599 3115 quae
624 3019 786 3094 radicues
812 3020 910 3108 sunt,
953 3037 989 3090 et
1014 3019 1056 3091 ab
1083 3016 1190 3092 initio
1222 3018 1313 3091 vitae
1344 3016 1389 3095 ad

168 3119 280 3195 finem
298 3115 405 3214 usque
419 3135 560 3191 manent
573 3117 727 3193 eaedem.
759 3114 855 3189 Bufin
872 3137 978 3204 vero,
998 3133 1033 3186 et
1051 3110 1274 3209 quafimaffae
1290 3136 1390 3189 com·

166 3216 370 3317 pingendae
401 3211 644 3302 fermentum,
688 3234 728 3284 ac
767 3210 1013 3308 principium,
1062 3208 1216 3283 statuunt
1255 3211 1389 3287 sucrum

165 3339 227 3405 os,
253 3314 315 3387 vei
339 3331 550 3405 coccygem‚
574 3311 727 3395 aliubi,
752 3308 786 3382 h.
813 3331 846 3381 e.
872 3308 1049 3380 officulum
1076 3306 1117 3377 ad
1136 3304 1290 3381 infimam
1306 3307 1390 3381 dor·

165 3411 377 3509 liparem,
402 3405 533 3503 quippe
565 3406 809 3502 incorruptum
834 3403 1053 3489 mansurum3
1093 3400 1244 3495 Judaeos
1272 3402 1391 3475 imita.-

168 3528 223 3596 u,
265 3505 323 3602 qui
348 3503 393 3576 de
416 3500 487 3575 offe
511 3502 587 3575 Luz
612 3500 706 3574 idem
729 3499 925 3574 adfirmant.
978 3496 1103 3596 Quoad
1128 3496 1271 3571 modum
1294 3497 1392 3572 vivi·

167 3602 350 3683 ficetiunis
374 3597 551 3691 corporis,
596 3597 712 3672 Deum
740 3595 864 3669 dicunt
887 3599 931 3668 de
955 3594 1057 3669 coelo
1083 3614 1205 3702 aquam
1230 3590 1391 3673 demiffu.

163 3726 272 3791 rum,
304 3696 406 3793 cujus
429 3693 561 3768 virtute
585 3693 820 3790 germinatura
844 3691 921 3764 sunt
945 3709 1092 3784 corpora
1109 3685 1215 3765 instar
1231 3688 1389 3783 olerum,-

159 3806 258 3881 ndeo
291 3816 334 3869 ut
375 3814 420 3863 ex
448 3789 519 3863 oiie
558 3790 655 3865 sacro
693 3810 821 3883 corpus
855 3784 896 3860 fit
928 3783 1160 3860 surreuurum
1200 3782 1390 3882 integrum.

157 3893 272 4001 Quod
297 3917 319 3967 a
343 3888 481 3986 Judaeis
514 3907 649 3981 quoque
676 3885 753 3958 sunt
778 3883 947 3973 mutuati,
972 3881 1032 3980 qui
1056 3878 1100 3955 de
1117 3902 1218 3971 rore,
1243 3882 1300 3956 cui
1315 3882 1397 3962 vinu

156 4000 328 4077 tribuunt
357 3981 554 4081 plasticam,
589 4005 762 4080 quemque
786 4001 867 4054 cum
891 3979 1023 4055 semine
1045 3975 1140 4053 virili
1164 3991 1394 4084 comparapt‚·

154 4095 295 4177 eodem
323 4081 433 4158 modo
465 4080 680 4175 loquuntur..
726 4075 844 4171 Vid.‚
878 4094 1026 4181 praeter
1064 4072 1219 4151 Pocock.
1246 4073 1271 4146 i.
1304 4085 1394 4177 eu..

152 4240 158 4253 ·
203 4189 303 4264 Tum.
333 4178 377 4253 V·
780 4171 822 4271 Q,
1261 4161 1399 4272 Muiu
