3104 4814
1053 490 1058 499 ι

137 619 221 718 ‘351
249 636 254 643 -
537 602 688 705 instator
708 596 837 706 Eccles.
860 602 979 708 W.

196 788 229 890 ς.
254 783 511 863 CCCXXXIII.
543 783 702 863 Historia
727 787 888 865 breviter
909 801 1087 880 enimn,
1128 802 1200 887 qm
1227 782 1356 867 nsunt

145 887 323 981 ntrinque
354 880 463 955 fuerit
492 882 725 981 disputatum,
760 903 834 958 non
864 883 974 959 fuerit
998 882 1127 959 inutile
1157 884 1356 983 exposoiii'e

158 984 377 1058 Graecorum
401 1000 530 1075 agmen
555 979 717 1063 instruxit
733 977 879 1054 Photius
904 978 994 1054 iocis
1008 981 1150 1071 dotis,
1170 1000 1213 1069 et
1228 980 1356 1059 Loth

156 1098 256 1165 rum,
316 1091 429 1147 raeter
453 1073 530 1149 aeia
553 1077 685 1174 Synodi
712 1075 961 1165 Francoford„
1011 1074 1236 1151 Theodorou«
1257 1077 1356 1153 Am

157 1177 338 1260 limenio,
361 1169 405 1240 de
429 1194 499 1267 quo
515 1173 556 1242 ad
572 1179 635 1244 tec.
664 1173 875 1265 praecedens
890 1170 973 1268 egi,
998 1169 1211 1247 Rarramnus
1235 1172 1259 1249 i.
1280 1172 1356 1251 eis.

156 1292 198 1344 ac
221 1270 378 1352 Aeneas,
414 1266 605 1340 Parisienirs
636 1266 847 1362 Episcopus,
887 1268 947 1362 qui
980 1267 1142 1341 adversos
1169 1290 1220 1341 ro
1248 1270 1356 1366 objoe

156 1365 272 1438 tiones
289 1362 503 1437 Graecorum
527 1361 658 1458 scripsit
682 1387 701 1434 a
738 1369 845 1450 868,
870 1361 906 1434 in
927 1360 1117 1458 spicilegio
1138 1364 1356 1441 Dachenm

155 1481 244 1536 torn.
272 1458 300 1532 1.
352 1457 465 1530 onim
490 1459 627 1531 Parrum
655 1454 881 1544 testimoniis,
917 1481 1003 1552 quae
1030 1461 1066 1531 in
1091 1475 1274 1555 utramque
1291 1482 1356 1556 par

113 1552 124 1568 “
158 1576 230 1630 tem
256 1551 517 1652 produxerunt,
542 1554 688 1627 Photius
710 1575 776 1647 pro
801 1554 968 1643 Graecis,
992 1573 1029 1627 et
1053 1553 1280 1628 Theodulfus
1300 1576 1356 1653 pra

156 1652 313 1736 Latinis,
346 1645 499 1720 rationes
531 1648 745 1722 Graecorum
770 1648 920 1722 fuerunt.
977 1672 1006 1723 1.
1032 1647 1185 1729 Effatum
1211 1651 1356 1727 Domirr

158 1751 239 1849 Johss
260 1743 343 1818 XV.
369 1747 522 1836 ,Spiritum
539 1769 560 1814 o
578 1746 677 1817 Patre
698 1747 881 1838 procedere,
910 1766 942 1817 2.
963 1744 1097 1829 diversa
1121 1747 1158 1818 in
1185 1745 1356 1823 Trinium

158 1844 261 1920 statui
301 1836 474 1946 principia
512 1840 650 1912 Patrem
693 1859 730 1912 et
769 1839 916 1927 Filium,
961 1839 984 1912 st
1018 1843 1060 1912 ab
1105 1841 1176 1914 hoc
1218 1864 1356 1941 quoqo

159 1939 202 2014 iit
248 1933 421 2030 Spiritus:
491 1956 523 2028 3.
567 1933 802 2028 Proprietotes
847 1933 1141 2009 characteristico
1196 1938 1356 2033 persona·

157 2054 279 2109 natum
307 2026 497 2117 confundi,
537 2027 562 2103 sr
589 2049 626 2101 et
651 2030 758 2102 Filius
784 2031 904 2104 habeat
931 2035 1002 2102 vim
1029 2032 1236 2119 emittendi,
1278 2046 1356 2129 qua<

154 2128 248 2205 Patri
273 2120 324 2196 est
347 2145 412 2216 pro
439 2124 499 2198 ria.
546 2147 580 2216 4
607 2126 690 2198 Duo
717 2144 799 2197 tunc
822 2127 950 2198 habere
986 2124 1157 2221 principia
1190 2126 1356 2222 Spiritum

156 2226 214 2310 s.,
241 2222 376 2294 Patrem
402 2146 536 2292 scilicet
560 2238 598 2293 et
624 2221 762 2293 Filium.
814 2242 848 2309 5.
878 2221 965 2295 Deni
992 2244 1056 2309 ue,
1096 2220 1266 2316 Spiritu·
1290 2224 1356 2299 lora

184 2318 235 2390 'us
263 2315 399 2388 aPatre
423 2313 568 2404 distare,
610 2336 710 2411 quam
737 2312 882 2405 Filium,
925 2244 1013 2388 stin
1037 2319 1171 2391 aPatre
1194 2318 1356 2489 roingo

211 2412 273 2486 tini
304 2430 392 2483 vero
417 2432 438 2482 e
470 2430 594 2483 contra
618 2414 795 2501 urserunt,
838 2435 869 2486 1.
895 2412 989 2485 varia
1021 2413 1153 2509 Script.
1178 2414 1214 2488 S.
1249 2414 1285 2487 di
1347 2464 1356 2506 ,

157 2509 283 2611 quibus
315 2503 465 2600 Spiritus
497 2503 668 2581 dicituro
701 2506 787 2579 Fnio
816 2508 928 2596 mitti,
970 2527 1008 2579 et
1040 2511 1083 2581 ab
1116 2530 1163 2580 eo
1202 2509 1356 2605 accipet«

159 2606 299 2689 omnia,
334 2601 410 2697 ejus
441 2599 548 2675 etiam
579 2598 649 2672 eise
679 2604 858 2698 Spiritum.
909 2624 943 2677 2.
975 2602 1136 2676 ordinem
1170 2608 1356 2680 naturalem

159 2703 255 2779 inter
278 2699 405 2772 Filium
430 2714 467 2771 et
490 2695 656 2793 Spiritum
679 2698 715 2771 8.
740 2696 800 2773 sibi
826 2721 897 2771 non
930 2699 1111 2789 constare,
1142 2697 1168 2771 fi
1203 2701 1265 2775 hic
1294 2720 1356 2777 no!

158 2800 202 2874 stt
243 2799 284 2870 ab
326 2793 405 2882 illo,
454 2815 534 2866 cum
555 2808 556 2813 ’
577 2793 650 2884 ejus
685 2795 814 2869 ordinis
852 2793 1120 2867 fundamentum,
1160 2793 1202 2867 stt
1253 2794 1356 2893 origo'

163 2918 197 2990 3.
225 2894 360 2962 Locum
394 2908 532 2983 quoque
562 2889 692 2963 habere
727 2913 799 2964 non
830 2889 946 2986 poffe,
978 2887 1049 2961 fine
1080 2889 1232 2986 originis
1262 2889 1356 2965 intel¹

161 2985 277 3072 leoiu,
300 2980 486 3054 discrimen
505 2984 747 3076 personarum,
773 3010 843 3079 quo
859 3008 925 3058 una
942 3007 1013 3057 non
1038 2984 1079 3058 stt
1095 2986 1167 3061 alia.
1200 2985 1356 3084 Deniqot

163 3109 200 3176 4.
226 3077 391 3153 unitatem
417 3094 579 3165 naturae,
604 3100 690 3174 quae
715 3081 753 3153 in
778 3084 880 3153 Patre
907 3098 943 3152 et
967 3081 1059 3154 Filio
1083 3078 1154 3169 est,
1185 3080 1356 3178 requireri

162 3174 336 3254 unitatem
361 3171 506 3248 aetionis
530 3172 708 3271 spirantis,
744 3196 822 3248 curn
848 3176 936 3250 haec
960 3174 1011 3246 vis
1046 3176 1087 3250 iit
1117 3197 1262 3251 naturae
1289 3198 1356 3274 pro

148 3275 305 3375 ¹prietas.
362 3272 416 3344 Ex
456 3291 525 3366 quo
570 3268 675 3340 etiam
718 3271 910 3344 rationibus
951 3271 1167 3344 Graecorum
1207 3290 1356 3348 occurro

150 3386 270 3462 runt,
309 3367 390 3464 quia
420 3388 492 3439 non
526 3363 602 3438 sunt
631 3362 701 3435 duo
732 3365 905 3460 principia
939 3366 1040 3437 Pater
1073 3388 1110 3440 et
1142 3366 1267 3459 Filius,
1307 3368 1356 3443 sei

166 3488 294 3554 unum,
327 3486 391 3559 per
414 3483 513 3533 unam
538 3456 753 3553 eandemque
775 3460 948 3533 astionem
986 3461 1194 3556 spirantem,
1230 3461 1356 3562 utriqut

167 3562 334 3663 personae
350 3578 583 3633 communem.
626 3553 724 3625 Plura
742 3557 801 3652 qni
819 3558 883 3629 hac
899 3558 943 3628 de
960 3556 1162 3652 quaestione
1177 3558 1354 3635 desiderat

166 3662 287 3747 adeat,
319 3672 456 3748 praeter
480 3651 654 3740 notiores,
690 3651 808 3729 Natai.
835 3655 937 3728 Alex.
960 3653 1031 3726 diff.
1059 3656 1199 3727 XVIII.
1221 3656 1266 3730 ad
1303 3656 1356 3747 ho

168 3758 259 3843 sec.,
297 3769 334 3823 et
358 3748 540 3823 Patavium
567 3749 697 3846 Dogm.
724 3751 900 3859 Theolog.
926 3751 969 3825 de
994 3749 1174 3823 Trinitate
1217 3751 1241 3826 i.
1284 3752 1356 3828 Vll

166 3847 328 3948 Lequien
358 3841 446 3918 Diis.
480 3845 687 3920 Damascen.
711 3847 763 3933 L,
788 3862 825 3916 et
847 3847 1031 3921 Pithoeum
1049 3849 1098 3936 ad
1134 3848 1270 3922 calcem
1294 3846 1356 3927 coa

165 3948 346 4024 Canonum
373 3940 623 4014 Rornanorum.
1295 4000 1306 4013 ,

168 4118 187 4127 ,,
215 4033 531 4145 ΜΟῼΧΧΧΝ.
572 4056 605 4129 3.
632 4030 761 4130 Viguit
779 4055 916 4137 quoque
936 4035 1026 4113 circa
1050 4037 1271 4118 Trinitatem
1286 4040 1356 4209 in?

166 4148 171 4165 ¹
425 4198 429 4203 .
1290 4136 1356 4234 ip<
