3104 4814
147 644 226 746 4⁵⁶
504 630 839 732 ,innotesceret
865 574 992 733 nrm

156 838 234 893 tum
249 803 430 907 pnecipui
443 825 554 914 'mant
569 810 798 905 Lambertus,
821 835 942 888 comes
957 811 1195 910 spoletanus,
1219 826 1259 886 et
1274 807 1371 887 aaa·

155 914 278 988 bertus
312 903 477 979 Marchro
510 904 681 998 Tusciae,
714 910 775 1006 qui
804 910 904 984 villas
938 930 976 984 et
1008 909 1179 984 civitates
1209 904 1371 983 sacreum

156 1012 338 1084 Romanae
361 1001 439 1073 sunt
462 1000 631 1094 praedati.
680 1003 797 1107 Quam
821 1008 868 1080 ob
896 1005 1031 1080 causatu
1056 1026 1140 1087 cum
1160 1027 1183 1079 a
1206 1002 1301 1102 Papa
1327 1000 1370 1077 el·

160 1105 236 1181 ient
259 1094 578 1187 excommunicati,
611 1121 709 1173 novo
733 1100 918 1177 concitato
944 1101 1094 1177 tumultu
1118 1101 1158 1175 in
1183 1097 1298 1197 ipsum
1319 1096 1371 1194 Jo-

158 1200 309 1273 hannem
335 1191 536 1281 irruerunt,
569 1215 720 1291 eumque
741 1195 780 1271 in
802 1218 981 1272 carcerem
1003 1196 1259 1295 conjecerunt,
1290 1190 1371 1267 uude

159 1292 293 1388 elapsus
314 1286 397 1383 fuga
428 1285 493 1360 fibi
524 1286 705 1363 consulere
737 1292 883 1384 debuit,
920 1291 1061 1390 quando
1091 1293 1236 1366 Romae
1265 1287 1371 1365 omnis

159 1389 239 1463 sunt
263 1381 425 1458 confusa:
460 1404 547 1478 quae
569 1383 642 1458 fuse
667 1404 784 1460 narrat
807 1389 898 1485 Papa
921 1389 1023 1484 epist.
1051 1396 1110 1477 84.
1135 1406 1174 1462 et
1202 1394 1262 1477 85.
1287 1384 1371 1461 Sars·

158 1483 258 1560 c'enis
282 1500 369 1554 vero
394 1477 636 1575 ingruentibus
659 1502 731 1555 non
756 1480 818 1556 nisu
842 1483 988 1580 ingente
1013 1486 1150 1558 tributo
1183 1480 1371 1557 satisfacere

162 1576 297 1675 potuit.
348 1575 537 1648 Tenebant
562 1574 613 1650 illi
637 1598 755 1652 arcem
778 1579 992 1656 Gatilianum
1015 1581 1054 1655 in
1078 1576 1211 1657 finibus
1235 1579 1369 1675 Campe·

163 1674 262 1763 niae,
294 1668 376 1767 ipsis
398 1693 418 1745 a
439 1671 542 1744 Duce
568 1671 732 1766 Cajetae,
767 1692 805 1747 ut
838 1675 997 1774 captivos
1026 1678 1105 1766 snos
1136 1690 1370 1771 recuperaret,

161 1767 361 1844 concellum
386 1787 418 1839 a
444 1773 551 1855 876.,
585 1767 679 1841 unde
712 1769 854 1862 plurima
886 1773 972 1847 mala
996 1766 1173 1846 Ecclefise
1205 1771 1372 1869 Romami

164 1869 245 1942 sunt
270 1859 414 1967 inflidla
467 1861 557 1969 vid,
577 1861 677 1953 epist.
701 1864 872 1958 Johannis
896 1890 953 1942 aa.
978 1867 1021 1939 ad
1046 1867 1209 1940 Catulum
1237 1865 1368 1940 Calvum
1400 1938 1407 1973 ,Ι

163 1987 194 2038 a,
221 1967 325 2052 376„
351 1957 410 2027 ubi
436 1954 667 2047 calamitates,
693 1981 712 2030 a
737 1961 917 2039 Saracenis
940 1963 1064 2051 illatas,
1089 1960 1269 2038 describit.
1315 1964 1368 2037 Ct-

160 2075 273 2134 terum
296 2067 484 2159 tenuerunt
509 2049 601 2159 hanc
630 2072 745 2127 arcem
778 2081 843 2153 per
877 2082 988 2132 annos
1018 2058 1096 2131 lere
1130 2055 1365 2157 quadraginta,

156 2152 240 2226 inde
266 2149 406 2222 demum
430 2141 534 2238 eJeClr
560 2169 590 2221 a.
623 2158 730 2239 916.‚
764 2173 803 2225 ut
837 2158 942 2228 tradit
972 2155 1049 2228 Leo
1073 2151 1253 2231 ostreum.
1277 2157 1299 2229 l.
1323 2150 1362 2227 V:

160 2268 222 2338 43.
274 2264 306 2315 a.
330 2239 553 2325 Ludovicum
578 2244 840 2339 inperatorem,
872 2252 956 2323 dolo
978 2251 1019 2322 ab
1043 2249 1234 2346 Adalgiso,
1265 2250 1362 2325 Bent-

156 2360 311 2415 uentano
336 2337 465 2428 Duce,
496 2357 656 2436 captum,
690 2358 726 2414 et
752 2342 811 2414 sub
838 2345 1024 2440 juramenti
1058 2347 1226 2440 religione
1255 2339 1361 2417 dimis-

155 2438 253 2525 sum,
286 2454 330 2505 ne
353 2431 516 2528 injuriam
550 2457 693 2532 unquam
730 2439 972 2530 ulcisceretur,
1010 2462 1077 2519 nec
1108 2465 1229 2535 agrurn
1259 2441 1359 2514 Bene·

157 2551 346 2612 ventanum
370 2531 488 2604 denuo
505 2531 669 2619 intraret,
696 2533 807 2628 Papa,
833 2561 928 2611 novo
952 2537 1089 2632 prorl'us
1113 2538 1297 2634 exemplo,
1315 2532 1358 2630 ju·

158 2625 305 2709 rumenti
332 2625 503 2721 religione
526 2626 695 2715 absolvit,
727 2632 917 2704 autoritate
955 2635 1026 2706 Dei
1051 2652 1087 2705 ct
1111 2635 1224 2709 Petri:
1259 2654 1295 2706 ut
1315 2652 1355 2702 te·

161 2729 281 2802 ferunt
303 2719 517 2809 Anastasius,
550 2722 712 2820 Regino,
745 2746 782 2797 et
808 2726 974 2801 Annalist.
1002 2730 1172 2804 Meceni..
1224 2754 1257 2825 3.
1290 2724 1355 2801 Tri·

159 2820 277 2899 buitur
302 2816 365 2912 ipsr
391 2817 595 2892 constitutio
620 2821 664 2893 de
685 2818 763 2914 jure
792 2825 1014 2897 cardinalium
1038 2825 1223 2900 Romanae
1254 2820 1357 2898 Ecule-

157 2917 246 3008 stae,
277 2937 343 3011 qua
367 2909 548 3002 statuitur,
583 2935 621 2987 ut
644 2915 697 2988 bis
727 2941 792 3013 per
817 2923 971 2994 menlem
998 2919 1040 2993 ad
1062 2921 1216 3017 aliquem
1241 2921 1355 2994 titrduu

158 3008 413 3095 convenirent,
446 3010 491 3082 de
519 3006 772 3086 reformatione
804 3014 896 3087 Cleri
929 3034 966 3088 et
1002 3014 1114 3109 plebis
1138 3017 1266 3108 aeluri,
1296 3012 1357 3091 cte·

157 3110 311 3188 ricorum
335 3104 568 3181 etLaicorum
587 3109 740 3202 querelas
764 3108 935 3200 audituri,
961 3131 997 3184 et
1017 3113 1074 3206 jus
1096 3111 1246 3203 ditiuti5
1269 3112 1358 3208 eaque

158 3206 299 3282 ratione
331 3201 447 3288 ellenr-
473 3201 662 3288 Pontifici,
703 3208 797 3297 quod
829 3206 1048 3304 septuaginta
1080 3208 1233 3282 seniores
1266 3200 1356 3283 Moli.

158 3303 316 3380 Exhibet
352 3322 428 3373 earn
462 3300 628 3372 Batonius
665 3319 708 3370 ex
751 3301 946 3377 Vaticanae
981 3303 1220 3378 bibliothecae
1253 3321 1358 3391 moure

159 3396 290 3477 mentis
312 3396 354 3472 ad
378 3420 410 3472 a.
436 3402 516 3475 882.
569 3390 735 3488 Denique
767 3419 802 3486 4.
839 3397 966 3495 scripta
998 3399 1106 3494 Papae
1142 3400 1218 3475 sunt
1251 3396 1360 3498 episto·

156 3500 211 3575 lae
236 3513 387 3568 numero
413 3512 517 3583 guo,
543 3510 690 3583 quarum
715 3492 837 3566 ultima
869 3498 911 3568 ad
938 3495 1098 3568 Phoriurn
1123 3493 1281 3573 satis'est
1307 3492 1358 3568 ssn·

155 3588 298 3695 galatis.
346 3581 531 3660 Consentit
556 3582 651 3657 enim
678 3585 715 3658 in
743 3610 782 3660 ea
808 3589 940 3664 Photio
972 3610 1009 3664 et
1043 3591 1188 3667 Graecis
1219 3592 1259 3669 in
1290 3592 1362 3689 dugr·
1402 3616 1406 3715 j

159 3707 254 3768 mate
272 3677 478 3781 proceffiom‘t
507 3681 656 3776 Spiritus
688 3684 725 3758 S.
760 3707 804 3758 ex
835 3688 907 3760 solo
939 3687 1062 3781 Patre,
1095 3688 1360 3766 additamentum
1401 3722 1405 3779 5

156 3781 316 3898 symboli
341 3778 444 3855 CPol.
477 3779 711 3892 condemnat,
744 3779 816 3851 imo
838 3782 1004 3857 insaniam
1030 3779 1074 3857 iis
1096 3785 1290 3893 adtribuit,
1306 3798 1363 3956 [fl
1400 3786 1405 3899 j

158 3888 216 3963 linc
240 3892 452 3975 estprincipio
482 3876 586 3948 dicere
610 3871 682 3965 anfi
706 3872 814 3967 efferri.
865 3879 934 3952 Sed
959 3903 1047 3973 quae
1081 3879 1229 3975 epistola
1262 3905 1305 3958 ce
1337 3897 1365 3951 e·
1401 3916 1405 3967 1

162 4001 219 4057 tur
242 3971 358 4053 multis
381 3969 513 4065 spuria,
538 3992 607 4043 nec
632 3967 773 4042 videtur
799 3973 868 4044 tale
894 3974 974 4069 quid
1000 3998 1019 4046 a
1042 3975 1132 4072 Papa
1158 3977 1365 4072 profectum,
1402 3972 1405 3997 ⁵

157 4079 247 4160 licet
281 4070 329 4185 ,iu
365 4063 499 4185 Photii·
524 4060 780 4141 restitutionem
821 4068 1045 4148 consenserit,
1117 4074 1294 4153 mveniffe
1305 4069 1373 4244 αξ
1403 4068 1405 4143 3
