3104 4814
537 640 585 719 f·
629 556 742 717 dent
764 622 916 719 Vtut·
1306 648 1388 741 οε,

190 813 391 916 dignatione
413 816 508 893 certi
528 813 674 928 alicujus
694 811 840 914 populi,
879 811 952 890 stne
975 834 1079 907 curn,
1117 831 1159 893 ut
1188 812 1261 895 dici
1288 816 1378 895 solea

184 915 238 1004 bt,
258 916 460 1003 animarum
485 930 522 989 et
543 936 589 991 ex
610 913 679 989 illio
702 910 824 1011 paffitu
845 908 1068 989 sumebantur
1081 910 1224 991 'Clerici
1246 936 1287 990 re
1301 916 1384 1014 ipsu.

178 1008 257 1099 fabi,
279 1032 359 1085 cnut
384 1029 467 1085 cura
491 1010 693 1087 animarum.
787 1056 792 1071 ·
1499 1076 1506 1085 .

126 1159 127 1166 a
206 1106 396 1205 tecm
435 1104 491 1179 Ex
523 1102 811 1182 monasteriorum
848 1097 1010 1178 instituto
1041 1105 1201 1203 capitula
1232 1128 1374 1208 quoque

173 1222 369 1301 receperunt
384 1199 609 1297 Praepostros‚
632 1201 782 1299 antiquio
795 1197 1023 1275 Ecclesrarum
1042 1202 1261 1277 Oeconomir
1278 1205 1373 1281 haud

171 1296 344 1387 diuites,
377 1297 502 1392 quibus
533 1320 649 1373 retum
682 1317 720 1371 et
746 1300 920 1372 bonorum
944 1293 1088 1392 capituli
1112 1297 1381 1396 administratio,

167 1390 219 1469 bit
239 1390 445 1482 commiffa,
485 1391 606 1469 sedet
636 1393 709 1491 ipsa
728 1390 945 1488 jurisdrttio,
989 1414 1077 1489 quae
1105 1392 1263 1491 capitulo
1285 1419 1371 1472 con·

194 1490 320 1567 rebat:
348 1485 442 1562 unde
462 1507 577 1563 ortum
595 1487 665 1580 est,
689 1491 742 1563 iter
760 1485 1034 1583 Domproostrrlpk
1058 1489 1218 1565 Gericltrr.
1269 1491 1374 1591 Quae

213 1584 433 1685 epofitorum
456 1583 609 1682 dignitas
632 1584 753 1681 postea
776 1583 914 1672 crevit,
939 1583 1027 1656 adeo
1050 1603 1092 1661 ut
1109 1584 1371 1665 Canonicorum

164 1680 232 1759 beri
266 1680 337 1755 fint
364 1685 498 1777 capiru3
532 1680 629 1755 simul
652 1680 889 1777 praepositura
918 1677 1012 1751 inter
1036 1679 1170 1774 majora
1197 1682 1375 1773 beneficia

162 1778 262 1855 iocum
284 1774 479 1873 acceperit.
529 1777 613 1852 Nec
646 1777 716 1851 alio
748 1800 794 1851 ex
829 1771 1005 1873 principio
1037 1773 1213 1873 originem
1246 1776 1373 1855 habuit

157 1872 356 1951 'brennarun
414 1873 466 1948 Ut
498 1874 592 1947 enirn
624 1872 887 1948 Monachorum
918 1890 1002 1944 cura
1032 1868 1119 1947 effer
1149 1869 1376 1968 adturratior,

161 1968 332 2047 constituti
349 1968 447 2058 sunt,
473 1966 553 2065 post
569 1968 745 2043 Abbatem
763 1986 801 2042 et
817 1964 1073 2063 Praepositum,
1099 1968 1258 2059 Decani,
1281 1992 1372 2068 quos

159 2088 224 2143 rum
247 2086 359 2141 curae
382 2066 487 2139 decern
512 2066 674 2139 suberant
702 2064 900 2154 Monachi3
925 2063 1041 2160 quales
1064 2063 1175 2138 etiarn
1191 2063 1285 2140 inter
1304 2067 1370 2141 Ca·

110 2192 113 2257 5
158 2164 298 2259 noricos
322 2161 401 2235 sunt
426 2159 628 2236 introdudbi.
679 2161 749 2234 Sed
773 2182 853 2235 cum
880 2158 1064 2257 progressu
1081 2159 1251 2257 temporis
1269 2185 1376 2261 prae·¹

158 2257 247 2355 pofiti
269 2256 343 2337 sese
369 2275 466 2330 totos
489 2255 614 2331 darent
635 2278 737 2331 curae
761 2278 873 2331 rerum
900 2256 1165 2351 temporalium,
1191 2274 1266 2333 tota
1291 2256 1374 2355 fere·
1436 2340 1443 2355 ,

157 2356 243 2431 ritae
257 2374 298 2427 et
312 2374 450 2427 morum
466 2353 882 2428 canonicorumdiredio
893 2352 936 2433 ad
946 2351 1112 2439 Decanon¹
1128 2350 1367 2445 eikdevoluta.
1479 2380 1483 2393 ²

157 2450 347 2549 Denique,
387 2472 466 2523 cum
501 2450 671 2523 Canonici
711 2472 826 2522 mores
858 2447 1047 2520 induerent
1080 2448 1377 2541 Monachorumff

156 2546 258 2622 subire
286 2568 428 2643 quoque
450 2545 644 2623 debuerunt
675 2547 771 2619 clero
804 2539 999 2619 cathedrali
1030 2540 1205 2617 inserendi
1238 2568 1367 2620 annum

156 2646 347 2729 novitiatus,
374 2640 432 2714 seu
456 2642 716 2736 probatorium,
743 2661 782 2715 ut
806 2658 956 2728 vocant,
983 2638 1224 2715 numscilicet
1252 2663 1387 2716 morere

157 2740 292 2815 adhoc
316 2738 415 2813 vitae
444 2736 640 2814 institutum
676 2737 746 2834 apti
779 2738 890 2812 essent
922 2754 1148 2830 componere.
1197 2737 1368 2835 Quond-

159 2836 295 2915 ritiatus
323 2857 418 2909 anno
440 2835 547 2906 multa
572 2834 646 2927 pati
679 2835 855 2917 debebant
889 2831 1124 2905 incommoda.
1176 2834 1374 2929 Ceterum}

158 2950 194 3005 ut
211 2930 294 3008 illud
317 2930 436 3005 obiter
452 2931 655 3019 observem,
683 2951 760 3002 curn
784 2924 925 3009 Studien
947 2925 1065 3024 passim
1092 2925 1184 3001 inter
1208 2929 1373 3017 clericor-

161 3026 283 3103 iueriut
308 3025 486 3115 recensiti,
511 3024 589 3118 ipsis
613 3027 679 3099 iliis
703 3048 810 3101 annus
836 3024 1057 3121 probatorius
1086 3022 1137 3099 est
1173 3025 1372 3125 praescrip-j

161 3141 226 3215 tus,
263 3122 359 3197 unde
379 3123 598 3217 pednnrismut
624 3140 656 3196 et
685 3122 796 3217 penali
813 3146 883 3194 rnur
908 3121 1081 3216 originem
1108 3124 1235 3203 traxit,
1278 3122 1370 3221 ficut

156 3224 320 3297 etrinm
343 3218 560 3317 adnziffionir,
600 3221 757 3315 eoquod
788 3216 962 3305 novitius,
1004 3237 1130 3291 annum
1154 3217 1367 3296 claustralem

157 3316 369 3415 auspicatus,
410 3319 605 3390 confratres
645 3318 738 3391 laute
771 3315 941 3408 excipere
984 3311 1116 3385 solebat
1143 3311 1178 3384 in
1202 3318 1368 3393 conclavi

157 3412 362 3524 cathedrali:
415 3413 500 3488 Vid.
526 3414 570 3488 de
594 3411 648 3489 his
670 3413 827 3488 omuibus
854 3412 905 3487 Cl.
932 3406 1104 3483 Buebmer
1133 3409 1207 3504 Jur.
1231 3411 1366 3509 Eccles,

158 3508 503 3705 hbbflclbliiti‘l.uiid
527 3607 681 3681 Clericus
705 3627 841 3701 quoque
865 3602 1047 3698 pertinet,
1078 3600 1139 3678 bic
1160 3542 1232 3693 nori
1255 3588 1368 3778 ηεῗῑῑξ

156 3700 327 3795 gendum,
368 3703 459 3801 quod
494 3726 587 3778 nova
611 3704 811 3776 Patronurns
852 3701 983 3791 forma,
1025 3698 1134 3787 initio
1153 3702 1226 3797 jam
1252 3727 1289 3788 a¹
1311 3728 1366 3783 ec.

156 3798 238 3877 vrb
261 3798 376 3889 fabio,
408 3800 518 3894 magis
542 3796 721 3908 magisque
745 3796 954 3886 invaluerit3
973 3795 1104 3907 ,quatis
1136 3815 1174 3871 et
1196 3799 1267 3908 hoc
1290 3800 1368 3876 fere

156 3913 319 3993 tempore
344 3897 459 3972 adbuc
485 3899 637 3974 obtinet.
686 3896 800 3967 Situm
824 3912 938 3968 autern
970 3894 1052 3968 illud
1071 3894 1129 3992 jur
1157 3891 1208 3967 est
1229 3916 1265 3969 tn
1286 3896 1366 3992 jure

156 3994 302 4091 quodam
321 3990 494 4079 dominii,
520 3989 699 4088 poffeffori
716 3988 887 4065 Ecclesiae
912 3988 949 4065 in
973 4013 1073 4079 eam,
1098 4009 1135 4063 et
1155 3991 1246 4063 bona
1270 3991 1366 4081 ejus,

115 4188 118 4193 Ι
156 4108 404 4191 competente3
428 4089 527 4190 qu'ut
553 4087 685 4191 virtute
707 4092 951 4282 ρΐῗγέεηω,
973 4090 1018 4171 ab
1031 4083 1229 4195 ‘Episcopo‘
1244 4080 1380 4266 3ξὲἱῖ
