3104 4814
547 658 552 667 ’
650 664 758 745 Setui.
783 665 870 747 VII.
1303 668 1377 773 1'35'

162 839 242 950 tatio
262 864 297 940 p.
321 842 375 932 1.‚
399 838 464 916 ubi
490 839 757 923 solennisstmum
781 847 909 926 mensrs
929 849 1109 925 Ramadan
1125 849 1292 925 describit
1313 850 1370 944 je·

157 941 305 1035 junium,
336 939 528 1034 additque,
560 941 638 1015 iilos
666 943 710 1017 de
734 948 791 1021 die
814 947 969 1021 dormire
992 946 1122 1037 solere,
1161 948 1222 1021 sub
1247 948 1370 1041 vespe·

157 1058 219 1110 ram
245 1035 316 1144 effe
340 1035 378 1109 in
403 1036 623 1142 orationibus
641 1037 863 1137 frequentes,
896 1038 1002 1114 n'oeiu
1018 1043 1193 1131 deliciari,
1219 1062 1257 1115 et
1282 1062 1369 1115 con·

157 1138 275 1240 sivan.
322 1132 382 1204 De
408 1130 468 1203 dre
489 1151 605 1235 autem
631 1131 679 1208 ita
702 1137 860 1234 religiose
884 1136 1081 1225 abstinent,
1109 1159 1210 1211 utne
1228 1137 1371 1233 reliqui·

155 1253 186 1305 as
207 1227 373 1324 quadem,
414 1226 578 1300 dentibus
601 1229 846 1320 adhaerentes,
889 1234 939 1306 fas
970 1232 1010 1306 srt
1033 1234 1261 1321 manducare,
1304 1252 1375 1305 nec.

156 1348 277 1433 uepres
300 1323 466 1429 osculari,
491 1322 566 1396 imo
593 1347 634 1397 os
665 1326 766 1424 saepe
802 1326 981 1405 obstruant
1012 1327 1049 1401 in
1075 1327 1150 1420 via,
1184 1351 1229 1402 ne
1255 1328 1374 1425 pulvis

154 1420 294 1521 quidem
319 1421 550 1514 ingrediatur.

197 1519 230 1617 d.
257 1516 431 1590 CXXIV.
464 1517 553 1588 Sunt
585 1535 703 1593 autem
736 1541 857 1593 eorum
889 1519 1022 1616 jejunia
1054 1520 1112 1592 vel
1145 1521 1375 1615 obligationis,

156 1619 206 1689 vei
228 1608 380 1703 conftiit',
404 1629 442 1683 et
465 1610 680 1689 devotionis.
732 1614 863 1688 Prioris
886 1613 1026 1711 generis
1051 1617 1129 1688 sunt
1156 1616 1279 1688 mensis
1302 1614 1374 1686 Ra·
1474 1692 1478 1705 ¹

159 1708 299 1797 madan,
344 1725 380 1778 et
401 1706 535 1800 jejunia
558 1710 637 1783 voti
661 1732 703 1785 ac
724 1710 977 1803 poenitentiae.
1026 1708 1193 1784 Omnium
1216 1711 1373 1785 celeber·

162 1807 280 1883 rituum
306 1800 362 1876 est
384 1803 636 1897 ejus-Mense,
661 1829 682 1879 a
708 1804 965 1880 Mubammede
987 1805 1023 1879 in
1046 1804 1252 1879 memoriam
1269 1805 1376 1878 Alco·
1501 1872 1513 1879 ..

159 1900 226 1978 rani
249 1922 299 1973 eo
323 1917 487 1992 tempore
510 1899 604 1989 dati,
645 1899 838 1975 institutum
866 1904 941 1975 Sur.
967 1901 1013 1975 11.
1060 1899 1122 1974 Est
1146 1924 1234 1976 vero
1263 1919 1377 1972 nonus

158 1994 292 2076 Mensrs
317 1993 494 2082 Arabum,
522 2014 569 2091 30
594 1994 716 2070 diebus
737 1996 916 2086 constans,
939 1993 1017 2070 sunt
1035 1994 1131 2071 enim
1147 1997 1294 2071 Menses
1313 2015 1377 2067 eo·

158 2118 232 2171 rum
258 2092 437 2198 Lunares,
476 2109 513 2163 et
537 2093 675 2186 semper
696 2092 731 2167 in
755 2090 918 2167 aestatem
939 2091 1087 2182 incidit,
1121 2092 1213 2167 unde
1238 2110 1378 2202 quoque

160 2208 293 2267 nomen
328 2204 455 2273 traxit,
496 2208 575 2258 nam
605 2184 705 2261 tadiir
736 2187 823 2261 dicit
840 2188 975 2283 ferbuit
1006 2189 1151 2262 ardente
1189 2187 1378 2262 sole-dies.

162 2282 368 2381 Adpeilatur
392 2281 499 2354 ctiam
531 2281 655 2353 mensas
687 2284 953 2377 poenitentiae,
994 2301 1033 2358 ut
1059 2281 1218 2358 observat
1242 2281 1380 2358 Ebno'i.

160 2381 268 2457 Athir
296 2376 389 2472 apud
416 2376 573 2472 Gagniet
597 2378 638 2450 ad
666 2379 853 2468 Abuifed.,
887 2379 945 2476 qui
969 2401 1044 2474 cap.
1074 2385 1131 2452 26.
1156 2378 1285 2468 refert,
1318 2400 1379 2451 an·

162 2502 207 2554 no
237 2476 401 2570 Hegirae
424 2472 599 2569 secundo,
651 2474 720 2547 effe
753 2473 953 2548 institutum
986 2472 1172 2570 jejunium.
1219 2476 1380 2549 Durabat

160 2569 327 2672 quamdiu
349 2568 445 2641 Luna
467 2570 673 2665 adparebat,
700 2588 738 2642 et
765 2592 806 2644 ea
831 2572 985 2659 ratione,
1010 2591 1078 2667 qua
1101 2568 1199 2660 dixi,
1227 2569 1380 2645 celebra·

159 2674 272 2747 batur.
326 2665 414 2739 Vid.
446 2663 491 2736 de
516 2666 546 2737 ia
575 2665 677 2737 Valle
710 2665 732 2741 i.
759 2665 816 2740 cit
844 2684 881 2739 et
904 2664 1019 2740 Smith
1040 2665 1086 2739 de
1108 2667 1264 2739 moribus
1288 2664 1381 2736 Tur·

158 2788 302 2850 carum,
334 2759 396 2856 qui
419 2759 536 2850 addit,
577 2760 738 2835 ultimum
762 2762 888 2836 mensrs
911 2763 1005 2835 diem
1028 2783 1047 2833 a
1073 2761 1250 2834 nonnuliis
1271 2761 1382 2832 devo·

158 2860 238 2937 ueri
262 2855 389 2942 laetu,
438 2875 475 2928 et
507 2856 643 2929 naeniis
676 2860 724 2929 ob
758 2855 942 2930 defuniios
969 2872 1131 2951 parentes
1160 2874 1197 2930 et
1228 2853 1384 2945 amicos,

159 2979 312 3056 quorum
336 2950 492 3046 sepulcra
517 2951 624 3024 etiam
650 2950 814 3041 visitant,
848 2971 886 3025 et
910 2974 977 3048 pro
1001 2951 1045 3024 iis
1067 2970 1192 3046 preces
1215 2948 1381 3027 fundunt.

158 3056 252 3129 Sunt
292 3048 336 3121 ad
371 3052 444 3120 hoe
475 3047 651 3143 jejunium
687 3070 810 3120 omnes
843 3047 1015 3144 obligati,
1056 3065 1229 3144 quotquot
1254 3044 1387 3127 ,mentis

158 3152 243 3225 sunt
270 3161 459 3238 compotes
484 3163 522 3215 et
547 3143 706 3238 puberes.
758 3143 916 3218 Infantes
940 3163 1057 3218 autem
1083 3145 1163 3217 sunt
1189 3141 1309 3231 iibe'ri,
1344 3142 1386 3217 li·

156 3264 218 3319 cet
241 3263 374 3338 pueros
396 3237 562 3311 ostennes
597 3261 662 3333 per
695 3262 798 3314 unum
829 3259 892 3315 aut
925 3243 1068 3312 alterum
1105 3237 1199 3311 diem
1228 3239 1388 3335 jejunare

157 3338 315 3426 saciant,
350 3353 388 3407 ut
414 3335 623 3408 adsuescant.
675 3334 828 3432 Aegroti
858 3333 1023 3431 quidem,
1058 3353 1094 3406 et
1119 3333 1233 3430 quiin
1253 3333 1386 3408 itinere

159 3435 263 3524 sunt,
309 3431 422 3504 abeo
449 3430 524 3502 sunt
552 3429 728 3520 inmunes,
768 3428 828 3504 sed
854 3453 919 3525 pro
949 3453 994 3505 eo
1026 3446 1164 3504 tanturn
1200 3446 1388 3525 tempore,-

162 3554 241 3606 eum
268 3526 402 3623 postea
419 3527 459 3596 ad
485 3524 634 3598 eundem
660 3526 794 3599 dierum
816 3548 1000 3607 numerum
1017 3520 1268 3601 fintobstriui.
1309 3523 1392 3598 Adia

163 3629 341 3702 derotiunir
361 3621 516 3718 jejunia,
540 3642 627 3717 quae
652 3639 753 3694 autor
776 3622 865 3716 apud
884 3618 1053 3711 Chardin.
1077 3620 1257 3714 recenset,
1290 3628 1396 3717 praei

162 3727 272 3819 cipua
299 3718 398 3808 suut,
440 3719 590 3812 quaein
619 3719 732 3791 sacros
758 3715 920 3789 incidunt
951 3714 1124 3807 menses,''
1147 3735 1210 3806 ut,
1251 3733 1396 3813 praeter

161 3814 370 3901 Ramadan,
416 3814 547 3908 Resjeb
582 3833 619 3886 et
652 3812 824 3885 Schaban.
873 3811 941 3885 Sed
968 3810 1125 3887 decimus
1160 3812 1235 3886 dies
1267 3810 1395 3884 mensis

163 3915 376 3991 Moharram
403 3906 553 3983 solennis
579 3907 680 3981 vaide
705 3904 776 3995 est,
801 3924 840 3981 et
862 3906 999 4003 jejunio
1023 3908 1180 3997 dicatus,
1212 3904 1295 3979 inde
1319 3906 1394 3977 dic·

164 4031 224 4086 tus
256 4008 418 4095 Ashura,
460 3999 779 4097 respondensdiei
817 4003 1031 4099 expiationis
1063 4004 1293 4101 Judaeorum,
1338 3998 1400 4092 qui

163 4106 272 4185 etiam
296 4105 453 4179 decimus.
471 4098 543 4194 est,
575 4094 939 4269 etum-{iditum
970 4100 1065 4179 unde
1090 4090 1329 4261 Mubammetg
1347 4094 1401 4171 vi·

834 4219 860 4286 4
1329 4208 1409 4268 etur
