3146 4458
251 265 334 344 iis,
365 251 369 258 ·
651 227 800 330 sutoria
823 185 1092 332 eiciet-tirsi.

254 445 335 520 cap.
364 441 447 508 ιι,
470 407 541 521 sive
558 427 716 486 mentem
734 407 950 501 mutaverit,
973 411 1068 501 sive,
1094 405 1186 508 quod
1205 404 1483 484 Annalistaber·

255 521 414 594 tinianus
438 511 565 598 tradit,
589 505 671 580 felle
696 527 899 582 commotus
923 511 961 582 in
982 507 1177 606 Episcopos
1202 527 1268 602 pro
1293 507 1488 580 Godschas·

256 616 308 689 ko
339 607 527 706 scripserit.
572 602 748 678 Defendit
778 604 921 700 quidem
947 603 1161 700 Msoguinus
1191 600 1418 690 Prudentiuin
1443 603 1489 678 in

256 709 336 786 diss.
361 707 425 786 cit.
452 725 485 778 c.
513 723 572 796 33.
592 719 632 772 et
646 719 729 790 44.,
755 697 834 788 sed,
861 699 923 774 nisi
940 701 1173 776 Hincmaruui
1190 696 1368 796 quisselit
1384 721 1492 774 rnen·

256 807 362 882 titum
389 799 481 888 esse,
516 795 609 893 quod
633 797 679 870 de
704 797 981 898 tantoopraesule
1006 795 1291 893 praesumendum
1317 793 1491 888 nonest,

257 898 379 979 nescio
410 919 478 996 qua
501 894 639 966 ratione
661 891 774 987 poffit.
821 891 1030 989 Composuit
1061 911 1241 991 praeterea
1274 892 1493 967 Prudentius

258 999 470 1095 opusculum
494 991 538 1063 de
560 987 818 1085 quaestionibus
852 988 1124 1064 Godschalsianis
1154 1009 1277 1062 contra
1311 989 1492 1064 Hincma-

93 1165 102 1184 ,
259 1119 338 1178 rum
362 1112 402 1164 et
426 1088 630 1174 Ρὲῐὼῑῑυῑῦ,
656 1084 693 1156 111
717 1106 788 1180 quo
814 1083 1072 1180 propositiones
1097 1085 1210 1158 modo
1228 1083 1402 1158 exhibitas
1424 1085 1493 1160 de.-

259 1188 400 1279 fendit‚
426 1207 463 1260 et
483 1180 706 1262 Goosclialko
723 1181 983 1276 patrocinatur..
1020 1181 1102 1282 Quo
1120 1185 1227 1254 etiam
1251 1181 1334 1276 Josr.
1359 1181 1491 1270 Scoti,

288 1288 323 1362 ui
352 1303 477 1361 contra
496 1277 759 1362 ,Godschslkum
791 1274 994 1374 scripserat,
1035 1275 1205 1352 refutatio
1237 1275 1361 1351 tendit.
1414 1275 1499 1351 Ex-.

261 1311 357 1460 diunt
381 1383 470 1454 haec
495 1373 655 1468 opuscula
680 1372 721 1448 ιἰι
745 1371 834 1446 Bibl.
862 1376 1013 1448 Petrum.
1095 1433 1100 1443 .

314 1477 348 1577 ς.
373 1471 564 1550 cccxix.
601 1465 733 1556 Florus,
766 1470 874 1542 etiam
906 1467 1099 1564 Drepanius
1133 1468 1273 1556 Florus,
1306 1464 1494 1542 Ecclesiae

264 1563 508 1670 Lugdunensis
543 1562 795 1654 subdiaconus,
834 1583 872 1638 et
903 1567 1055 1661 ejusdem
1098 1563 1236 1638 senone
1268 1562 1495 1656 praesedius,

268 1675 419 1762 indeque
451 1657 618 1754 Magister
651 1657 861 1766 adpellatus,
901 1685 1010 1755 querit
1037 1658 1162 1754 infigni
1193 1659 1333 1732 ornavit
1366 1659 1496 1756 elogio

269 1755 485 1842 Walasridus
515 1756 656 1828 strabus
695 1775 733 1826 iii
770 1753 929 1844 carmine,
959 1755 1000 1830 ad
1032 1754 1281 1852 Agobardum,
1321 1758 1420 1850 quod
1455 1775 1496 1828 et

106 1921 109 1929 ,
268 1860 327 1938 alii
362 1855 542 1942 fecerunt,
576 1871 615 1924 ut
649 1850 802 1922 Baluzius
835 1852 942 1926 initio
974 1875 1072 1947 oper.
1104 1849 1282 1948 Agobardi
1312 1850 1499 1940 ostendit,

265 1955 462 2034 assissinato
515 1945 629 2022 edidit
670 1943 709 2017 iu
748 1945 918 2042 Epistolas
949 1947 1043 2022 Pauli
1091 1967 1136 2018 ex
1176 1947 1329 2020 Patribus
1346 2002 1365 2037 „
1402 1969 1494 2044 quae

270 2053 387 2130 Bedae
426 2067 557 2120 nornen
590 2039 679 2114 male
719 2042 941 2136 praesciunt,
984 2059 1021 2116 ut
1064 2041 1263 2115 observavit
1300 2043 1499 2117 Mabisson.

267 2149 307 2229 in
337 2143 467 2221 dissert.
495 2161 580 2214 torn.
606 2138 634 2211 1.
662 2135 748 2210 Vet.
774 2137 956 2228 Analesi„
989 2155 1170 2235 praeterea
1201 2139 1498 2213 commentarium

269 2247 306 2321 iri
332 2264 482 2320 canonem
507 2230 644 2322 missae,
669 2231 765 2306 varia
788 2252 969 2329 poemata,
1001 2253 1062 2322 et,
1096 2231 1189 2330 quod
1213 2233 1273 2306 liic
1296 2238 1499 2332 praecipue

266 2336 530 2418 memorandum
550 2327 621 2423 est,
646 2327 825 2404 Sermonem
847 2330 891 2403 de
903 2327 1193 2424 praedestinatione
1218 2347 1254 2402 et
1278 2331 1379 2403 sibero
1405 2333 1502 2406 arbi·
1563 2413 1564 2424 χ

270 2443 351 2525 sris,
382 2455 450 2514 nec
476 2451 549 2502 non
573 2425 698 2503 librum
721 2449 751 2500 a.
778 2433 883 2516 852„
906 2423 965 2524 qui
992 2423 1124 2523 prostat
1152 2427 1189 2512 iii
1215 2427 1302 2501 Bibl.
1326 2427 1496 2516 Pactum,

269 2527 414 2608 nornine
446 2520 622 2596 Ecclesiae
653 2519 900 2616 Lugdineusis,
945 2541 1066 2594 contra
1089 2520 1201 2609 ,Scoti
1234 2545 1389 2597 erroneus·
1414 2521 1500 2620 defi·

269 2631 430 2711 sitiones,
462 2619 499 2692 in
534 2639 605 2712 quo
636 2615 792 2690 haeresin
824 2617 911 2690 issam
938 2613 1298 2728 praedestinatianam,-
1331 2620 1435 2716 cujus
1461 2622 1499 2692 in

272 2716 416 2800 historia
440 2711 815 2810 Semi-pelagianorum
841 2716 1004 2788 notitiam
1038 2713 1140 2801 dedi,
1174 2737 1239 2810 pro
1267 2712 1396 2790 fittida
1432 2715 1503 2788 ha·

273 2821 350 2986 beli*E
401 2812 619 2886 Accensetur
659 2809 778 2906 itaque
820 2805 1032 2884 Godschalki
1072 2806 1287 2894 fautoribus:
1334 2811 1380 2884 de
1419 2831 1501 2904 quo
1561 2875 1562 2894 ι

298 2937 319 2988 o
351 2930 402 2984 ea.

270 2939 354 3106 Iis
388 3001 558 3080 CCCXX.
591 2999 659 3074 Sed
696 2997 906 3084 Godschalki
939 3002 1074 3076 causam
1106 3023 1191 3097 prae
1229 2997 1368 3097 reliquis
1406 2993 1501 3074 stre·

281 3127 351 3188 noe,
384 3099 460 3196 igit
492 3097 686 3190 Remigius,
726 3117 769 3168 ex
804 3095 897 3170 Sacri
928 3097 1046 3192 palatii
1079 3095 1238 3172 Lotharii
1277 3097 1506 3192 superatoris

275 3195 582 3298 Archi-capellano
621 3191 918 3289 Archiepiscopus
965 3193 1200 3287 Lugdunenfis
1252 3217 1284 3268 a.
1326 3201 1410 3284 853·
1466 3197 1506 3268 in

275 3299 390 3376 locuni
417 3289 620 3398 dinolonis,
662 3288 883 3364 adecessore
914 3287 973 3375 suo
1016 3291 1053 3365 iu
1094 3289 1205 3364 caussa
1236 3287 1508 3368 Godschalkana

275 3397 383 3483 longe
417 3381 583 3458 diversos.
639 3385 726 3458 Curii
767 3387 861 3459 enim
902 3381 966 3456 iste
1012 3407 1147 3460 errores
1187 3383 1264 3458 illos
1303 3387 1510 3464 exsecratus

278 3487 387 3573 effer,
418 3501 476 3567 et,
498 3473 655 3585 ‘epistola
678 3480 718 3552 ad
747 3475 1003 3554 Godschaliium
1028 3481 1174 3577 scripta,
1205 3477 1386 3556 refutasset
1415 3483 1510 3557 acri·

279 3604 360 3660 ter.
402 3577 587 3668 Remigius
625 3594 750 3648 contra
784 3575 825 3644 ad
870 3571 1002 3648 litteras
1041 3575 1225 3652 Hincmari
1257 3595 1296 3668 et
1340 3577 1508 3670 Padus,

276 3679 322 3760 ad
346 3673 473 3790 Epist.¹
498 3663 722 3770 bugduuens.
757 3668 891 3761 missas,
927 3689 968 3744 ut
990 3669 1167 3746 Ecclefiae
1191 3672 1266 3770 ejus
1288 3671 1506 3777 sententiam

1336 3787 1506 3867 exquire·
