3104 4814
100 720 107 765 ἓ
135 654 140 660 ’
164 624 245 716 Ιέῧ
553 618 707 735 historin
724 621 851 733 Eleius.
868 618 990 732 uirili,

166 814 198 892 1.
248 808 443 889 Concilium
468 829 587 891 tamen
611 813 889 890 Celichtianense
912 811 951 890 in
966 798 1058 888 -iniu
1090 808 1160 890 sec.
1185 810 1251 890 lx
1272 808 1398 888 vetnit

166 909 357 1004 infuſsonrm
391 934 494 1005 oquae
513 913 617 1010 super
639 915 751 1007 cupito
783 908 969 1006 infantum,
1009 928 1048 984 et
1080 905 1210 1000 voluit,
1239 922 1279 982 ur
1303 931 1391 986 rarr-

162 1024 288 1102 gnutur
324 1009 359 1079 iu
402 1009 543 1085 lauacro.
592 1009 770 1084 Conceffit
802 1005 1023 1081 nihilominus
1056 1005 1149 1101 Papa
1189 1004 1396 1103 Stephanus

170 1105 240 1195 ll.,
263 1103 299 1178 in
323 1099 578 1200 respouſsonr‘bur
595 1103 636 1178 ad
658 1102 809 1203 quaesita
824 1105 1022 1194 Gallorum,
1046 1099 1173 1196 infanti
1186 1106 1233 1183 r'rr
1245 1102 1389 1205 infirmt-

168 1213 241 1272 »ατε
261 1197 382 1295 posteo,
408 1227 525 1298 auream
536 1201 639 1300 super
655 1214 752 1296 caput
767 1199 934 1297 fundere,
965 1222 1039 1275 tum
1062 1198 1202 1287 concha,
1231 1213 1291 1272 aut
1316 1216 1393 1277 cm
1436 1290 1439 1295 ,

164 1301 336 1386 manibus,
360 1321 488 1393 porro,
513 1299 550 1372 in
567 1301 639 1372 vino
654 1298 853 1394 baptizare,
880 1295 1008 1392 itaqua
1020 1294 1117 1370 delit.
1140 1350 1145 1361 .
1170 1294 1319 1368 2.'Inter
1338 1296 1397 1370 ri'·.

164 1408 223 1467 tus
248 1394 408 1489 baptismi
442 1395 696 1493 consequentes
726 1412 938 1466 memoratur
974 1389 1225 1465 a'l'heodulio
1252 1395 1391 1468 remmi-

166 1493 220 1562 ru'r
237 1489 408 1587 inpolitio
423 1491 553 1588 capiti,
577 1491 620 1566 ad
646 1490 894 1566 sacerdotalem
919 1507 956 1560 et
981 1487 1116 1582 regium
1144 1485 1274 1561 scilicet
1298 1494 1387 1586 bap·

163 1585 357 1661 tizatorurn
375 1586 609 1686 conspeulum
626 1585 902 1684 expingendum.
951 1608 993 1679 3..
1009 1585 1162 1673 Altaria,
1197 1584 1395 1682 omniaque

164 1682 246 1758 uasa
273 1682 386 1774 sacra,
427 1684 568 1758 fuerunt
594 1683 782 1757 chrismate
807 1679 950 1757 inuncta
973 1697 1011 1754 et
1035 1685 1255 1770 conlecrata,
1292 1679 1396 1756 teste.

163 1779 364 1868 Leidrad03
388 1778 477 1853 adeo
502 1804 546 1854 ue
561 1797 598 1852 et
615 1778 706 1874 ipsae
725 1800 931 1873 campanae,
956 1784 1100 1874 quarum
1123 1774 1320 1875 unctionis,
1339 1797 1395 1852 et-

163 1872 445 1981 beneditlionir‚
478 1805 662 1949 iiormula-nn
690 1873 769 1950 libri
793 1875 952 1962 rituales,
984 1889 1145 1969 tempore
1181 1874 1298 1946 Caroli
1322 1873 1383 1951 M.

162 1970 380 2065 conscripti,
414 1971 486 2043 lroc
512 1971 572 2044 sub
590 1970 722 2061 ¹titulo,
747 1971 899 2063 habent,
924 1969 967 2045 ad
984 1966 1117 2065 ssguum
1141 1966 1309 2060 Eccleſsoe
1324 1971 1384 2041 le·

161 2069 391 2153 ordinandum
432 2081 470 2139 ut
501 2066 695 2142 Menardur
719 2066 762 2140 ad
785 2068 912 2141 librum
937 2067 1137 2139 sacrament.
1175 2061 1321 2139 testatur
1344 2088 1381 2161 p.

160 2180 248 2257 207.
298 2161 388 2236 Vid.
413 2181 450 2247 et
474 2163 571 2238 Bona
596 2186 666 2247 rer.
694 2162 764 2238 Lit.
788 2165 810 2237 l.
834 2164 882 2237 ll.
906 2182 939 2236 c.
967 2180 1024 2236 nr.
1050 2181 1088 2234 et
1105 2161 1273 2234 Martene
1288 2163 1378 2238 Ant.

159 2256 294 2339 nectes.
320 2255 376 2331 rit.
396 2256 423 2332 l.
449 2257 496 2332 ΙΙ.
520 2280 553 2334 c.
577 2278 636 2335 21.
683 2257 783 2332 Nulli
818 2275 934 2333 tamen
966 2253 1107 2331 rituales
1135 2253 1215 2330 libri
1246 2278 1384 2332 memo·

158 2372 239 2431 rant
265 2375 396 2430 numen
410 2354 544 2450 janui,
566 2352 743 2452 campanio
765 2353 966 2451 inpositum.
1014 2356 1104 2437 Cum
1126 2374 1213 2428 vero
1237 2352 1383 2428 Carolus

158 2448 200 2549 in
225 2447 411 2551 capitulari
430 2454 499 2548 grin
522 2474 554 2527 a.
580 2460 663 2546 789.
688 2451 781 2548 apud
813 2449 989 2546 Baluzium
1014 2448 1124 2546 Capit.
1149 2468 1175 2524 t.
1200 2449 1229 2522 l.
1254 2468 1380 2541 vetet,

63 2556 69 2571 ''
159 2548 268 2627 clocas
302 2548 508 2642 baptizare,
548 2569 684 2620 morem
723 2548 817 2621 illum
852 2548 1008 2621 nondum
1038 2544 1140 2619 inille
1172 2562 1380 2641 receptum,

157 2643 245 2729 inde
271 2645 437 2741 colligere
464 2644 584 2717 licet·
609 2639 808 2719 Obtinuille
841 2661 958 2717 tamen
986 2641 1121 2716 videtur
1145 2638 1183 2716 in
1205 2640 1380 2719 monaste·

157 2740 241 2833 riis,
265 2743 357 2816 unde
377 2741 420 2841 'in
445 2735 632 2814 Eccleliam
658 2737 810 2835 irrepit..
858 2740 944 2814 Vox
967 2760 1055 2810 vero
1079 2739 1169 2813 cloca
1192 2759 1261 2832 pro
1280 2759 1377 2814 cam·

159 2840 252 2935 pana
278 2835 431 2912 invaluit
453 2836 606 2910 maxime
632 2834 864 2925 hocsecu103
904 2834 990 2910 lioet
1019 2854 1065 2908 eo
1090 2834 1189 2908 sensu
1224 2835 1291 2908 'am
1315 2855 1379 2910 oc·

156 2936 282 3025 curtat
300 2931 393 3039 apuu
415 2930 657 3004 Adamnanum
678 2931 716 3025 in
740 2932 814 3006 vita
833 2931 1042 3025 Columbae,
1056 2931 1133 3006 -sec.
1158 2931 1243 3005 Vl.
1268 2927 1378 3029 scrip·

128 3040 292 3115 torem,
333 3023 372 3096 in
397 3022 481 3112 fin,
503 3022 541 3096 in
564 3024 687 3122 Antiq.
711 3026 810 3101 Lett.
837 3026 963 3102 Canil'ri
986 3029 1057 3106 vol.
1080 3029 1132 3116 l.‚
1157 3044 1197 3100 ut
1217 3045 1258 3100 et
1282 3025 1378 3103 suni·

155 3136 213 3197 tun
233 3120 308 3216 ejus
340 3117 383 3194 ad
418 3117 603 3194 Ecclesram
637 3123 853 3196 intrandum.
902 3126 1069 3201 Ceterum
1098 3145 1287 3220 campanae
1308 3122 1380 3199 Ec·

156 3215 280 3299 clesrae
307 3215 416 3295 etiam
434 3213 569 3290 'solitae
598 3215 742 3291 fuerunt
802 3216 926 3311 ulfari,
967 3244 1046 3297 curn
1081 3219 1230 3317 quie-in
1259 3241 1378 3318 agone

156 3313 285 3424 mortis
306 3310 521 3422 versaretur,
550 3313 606 3387 vel
619 3313 725 3387 modo
743 3241 829 3389 elio
845 3334 1021 3408 mortuus,
1045 3338 1090 3389 eo
1112 3316 1241 3413 scopo,
1269 3336 1319 3390 ut·
1332 3317 1378 3393 orl

86 3475 90 3483 .
155 3428 335 3488 orationes
361 3427 620 3500 euertarenrur,
652 3410 710 3484 vel
733 3431 1017 3505 convocarentur
1040 3411 1178 3505 fideles:
1208 3429 1247 3486 ut
1266 3411 1376 3487 haba·

158 3508 218 3591 tur
241 3505 334 3601 apud
365 3504 493 3579 Bedam
519 3503 769 3583 Hist.·.l.1v..
795 3530 826 3582 c.
853 3530 910 3604 23.
960 3532 995 3601 4.
1020 3508 1179 3583 -Formula
1206 3506 1389 3605 ›baptifinl

155 3603 244 3686 udco
268 3596 500 3703 superstitiose
520 3598 571 3676 est
595 3599 792 3695 obseruata,
818 3622 877 3696 ut,
911 3603 936 3678 st
962 3606 1020 3680 vel
1044 3605 1142 3681 retle
1168 3624 1242 3680 non
1266 3605 1379 3681 fuerit

57 3729 60 3736 ·
155 3699 286 3780 Latine
311 3695 562 3804 pronunciata,
604 3700 728 3776 dubius
752 3702 851 3779 reddi
876 3701 1057 3778 videretur
1081 3700 1280 3798 baptismus.
1331 3700 1377 3777 In

81 3881 84 3887 ,
154 3792 320 3893 Bojoaria
339 3812 433 3884 enlm
458 3814 537 3867 cum
563 3796 720 3871 sacerdos
744 3798 882 3891 quidam
908 3797 944 3868 in
967 3800 1060 3874 hanc
1084 3799 1233 3872 formam
1259 3797 1375 3891 bapti·

154 3895 283 3984 paffet,
313 3889 445 3982 baptizo
467 3890 500 3957 in
523 3894 647 3964 nomine
663 3895 802 3979 Patrio,
825 3907 858 3963 er
882 3892 992 3986 Filio,
1018 3892 1370 4066 rtspirituoppncru,

154 3993 213 4069 vel
230 3986 373 4090 fpirirur
388 3980 521 4081 suncti,
555 3986 710 4081 quaestio
741 3985 808 4056 fuit
830 3987 925 4059 inter
948 3991 1191 4077 Bonifacium.
1256 3987 1375 4087 engili-

146 4108 234 4229 Q,
254 4079 528 4225 &Sidonium
556 4078 951 4251 qui'epaugeliumibi
966 4076 1241 4180 adnuntiabunt,
1266 4104 1372 4262 ”11²3ss
