3104 4814
150 645 217 719 128
533 622 684 725 fflstort‘o
704 624 831 727 Eccles.
856 624 971 729 cartu

176 811 210 887 ui
235 827 348 884 novas
375 804 531 879 tulemnt
556 807 671 903 leges,
696 804 872 898 Adamus,
903 804 1094 898 Noaclrus,
1118 804 1372 903 Abraham,

200 908 302 995 osea,
330 901 428 999 jesus
452 920 490 973 et
516 903 768 991 Munammeu
793 904 920 1000 eosque
945 902 1016 977 elle
1045 905 1376 998 excellentiffimoa,

78 1076 84 1083 ,
149 1024 304 1078 attamen
330 997 618 1072 Muhammedem
641 995 815 1093 praelhre
841 999 1023 1091 omnibus,
1050 1022 1154 1096 quern
1180 1001 1291 1075 etiam
1317 1002 1371 1075 ul·

152 1102 275 1171 timum
293 1094 488 1189 adpellant,
505 1112 543 1166 et
560 1095 705 1190 stgillum
723 1095 987 1188 prophetarum.
1024 1097 1080 1170 Ex
1096 1119 1166 1192 quo
1181 1097 1308 1171 erraffe
1325 1097 1371 1173 li·

151 1190 238 1292 quet
266 1192 559 1280 Volaterranum,
590 1189 650 1285 qui
679 1190 715 1261 in
747 1189 968 1282 cortfumr'oru
991 1192 1081 1288 legit
1107 1192 1357 1268 Muhammed.

147 1289 244 1384 apud
276 1284 533 1374 Bibliandtum,
577 1301 791 1358 trertantum
817 1291 859 1359 ab
883 1286 964 1382 ipsu
986 1287 1129 1384 agnosci
1152 1289 1370 1384 prophetas,

150 1381 462 1474 Mulrammedem,
495 1381 648 1477 Mosen,
675 1398 710 1452 et
738 1380 934 1470 Christum,
963 1385 1081 1459 tradit.
1128 1385 1275 1458 Summa
1298 1385 1368 1459 hoa

152 1479 341 1577 prophetas
362 1477 616 1572 prosequuntur
642 1478 889 1567 ueneratione,
918 1479 1034 1573 jurant
1062 1499 1124 1573 per
1145 1502 1270 1554 eorum
1295 1504 1406 1556 mar-.-

153 1601 236 1665 nes,
258 1593 317 1663 et,
334 1594 413 1645 cum
429 1572 578 1668 aliquem
595 1570 794 1658 nominant,
819 1574 969 1661 addunt,
991 1575 1153 1648 lrozerrtb.
1180 1577 1215 1650 lt.
1233 1600 1267 1650 e.
1285 1579 1379 1651 Mu·¹

150 1673 276 1770 jellas3
315 1692 372 1741 err.
397 1690 449 1764 gr.
483 1669 637 1742 lrozrrotlr
669 1668 837 1756 lbralu'm,
863 1666 1018 1764 majestas
1044 1670 1245 1746 Abrahami.
1298 1671 1373 1749 Sed

180 1764 424 1840 raeeomnibus
450 1763 738 1835 Muhammedem
777 1764 974 1852 honorant,
1012 1788 1051 1839 et
1083 1768 1256 1840 contiuuo
1286 1768 1380 1843 licet.

153 1782 305 1938 debeant
328 1858 364 1930 in
387 1879 471 1944 ore,
495 1884 540 1953 po
564 1859 794 1947 Mulromrned,
820 1858 877 1933 seu
901 1861 925 1932 ὂ
950 1861 1215 1953 Multammed.,
1239 1884 1373 1960 rogant

154 1981 285 2033 tamen.
300 1953 460 2040 veniam,
485 1954 578 2047 qnod
606 1975 678 2026 non
704 1952 786 2027 satis
808 1954 1007 2028 honorent:
1032 1957 1207 2055 adpellant
1229 1982 1377 2056 quoque

153 2077 236 2128 eum
251 2050 345 2122 Ruult
362 2048 392 2119 el
405 2048 563 2137 lrodourlr,
588 2048 648 2121 seu
671 2048 840 2144 Spiritum
863 2049 1049 2140 Sandlum‚
1076 2074 1147 2150 quo
1176 2054 1281 2128 titulo
1299 2057 1367 2129 eti·

155 2172 212 2223 am
236 2145 394 2242 Angelos
418 2140 629 2240 insigniunt,
660 2143 735 2218 imo
756 2165 840 2216 ante
864 2147 978 2220 secula
999 2149 1069 2223 elle
1094 2169 1252 2226 creatum
1277 2174 1376 2228 cen·.

153 2244 251 2331 sent,
275 2250 390 2335 'eoque
407 2232 504 2315 sensu
524 2242 666 2333 primum·
683 2258 728 2312 et.
744 2239 893 2315 ultimum
917 2244 1139 2339 prophetam.

161 2362 165 2369 ’
204 2337 235 2441 §.
261 2337 412 2410 CXVll.
438 2336 603 2408 Ceterum
625 2334 833 2433 prophetam
851 2336 920 2410 effe
939 2339 1195 2433 impeccabilem
1214 2363 1377 2438 putant,

155 2454 288 2512 tanturn
316 2431 430 2521 minus
452 2432 582 2507 bonum
607 2455 691 2528 prae
716 2431 861 2505 meliore
885 2431 1016 2530 eligere
1045 2435 1140 2528 polle
1164 2442 1369 2516 conceden-

155 2555 230 2622 tes,
256 2533 331 2604 loca
355 2548 442 2600 vero
465 2526 596 2626 Script.
624 2527 681 2615 S.,
707 2527 831 2622 quibus
851 2549 996 2623 peccata
1019 2554 1141 2605 eorum
1167 2557 1369 2612 memoran-

155 2648 235 2718 tur,
265 2623 335 2696 elle
358 2622 582 2718 interpolata,
627 2624 685 2722 vel
710 2643 885 2718 corrupta.
936 2627 1084 2722 Signum
1111 2629 1189 2703 veri
1211 2632 1368 2728 prophe·

155 2745 216 2799 tae
239 2717 428 2795 secuudum
452 2719 543 2815 ipsos
565 2714 637 2807 est,
659 2741 752 2792 -cum
775 2718 973 2814 splendidus
995 2725 1128 2812 radius,
1163 2748 1269 2823 caput
1288 2751 1374 2803 ama·

155 2822 278 2909 biens,
304 2836 344 2890 ut
369 2815 490 2889 Moses
516 2811 616 2913 pingi
635 2813 738 2902 solet,
764 2837 865 2912 quem
895 2816 1112 2909 splendorem
1130 2821 1369 2915 adpellantluv

159 2941 230 2989 men
252 2914 485 3006 propheticum,
512 2929 585 2982 tum
611 2910 719 2985 etiarn
744 2911 873 2985 donum
899 2914 1163 3004 miraculorum,
1191 2918 1247 2992 scd
1273 2922 1369 3014 quod

156 3012 208 3087 ita
235 3022 437 3101 exponunt,
464 3022 503 3076 ut
526 3004 726 3078 facultatem
744 3006 867 3082 lrabeat
884 3009 1055 3106 propheta
1072 3013 1241 3106 ejusmodi
1258 3023 1367 3094 eden·

155 3105 194 3186 di
216 3099 402 3187 miracula,
427 3120 513 3196 quae
539 3101 713 3197 tempori,
738 3124 807 3207 quo
834 3105 947 3193 vivit,
974 3105 1050 3178 sunt
1075 3109 1367 3204 adcommodata,

157 3200 247 3276 adeo
278 3214 316 3268 ut
340 3199 515 3291 propheta
538 3193 605 3268 illis
627 3195 666 3267 in
692 3199 822 3269 artrbur
844 3202 992 3275 excellat
1024 3202 1254 3294 miraculose,
1283 3234 1368 3306 quaa

155 3293 318 3372 homines
342 3313 387 3362 eo
418 3288 568 3365 maxime
591 3291 768 3377 amabant,
810 3297 866 3366 vel
894 3293 1138 3388 aestimabant,
1180 3321 1366 3399 tempore;

156 3394 246 3469 sicut
272 3384 391 3461 Moses
413 3385 448 3459 in
473 3386 615 3482 Magia,
651 3384 806 3459 Christus
837 3389 874 3462 in
908 3390 1157 3485 sanationibus,
1197 3399 1366 3475 Multam·

156 3487 247 3564 med.
288 3486 324 3557 in
360 3481 586 3578 eloquentia,
627 3481 724 3576 cujus
761 3483 934 3575 specimen
967 3487 1064 3561 dedit
1103 3490 1142 3564 in
1175 3493 1367 3578 Alcorano.

156 3586 271 3683 Quam
298 3597 414 3651 tamen
447 3574 704 3650 dillindlionem
735 3598 836 3653 autor
871 3581 1017 3657 Relandi
1048 3608 1118 3659 non
1152 3588 1366 3673 observavit.

157 3684 338 3756 Praeterea
370 3671 497 3744 animur
529 3672 778 3768 prophetarum
810 3677 877 3750 elle
908 3697 988 3752 ante
1018 3681 1194 3756 Mundum
1228 3709 1367 3766 creatae

156 3776 368 3872 opinantur,
408 3770 445 3841 et
471 3771 528 3841 luo
554 3790 714 3865 tempore
746 3772 957 3866 incorpora
985 3776 1142 3864 inmitri3
1184 3803 1367 3875 praeterea

107 3886 113 3897 “
158 3874 266 3950 tribus
289 3864 409 3940 diebus
432 3862 510 3959 post
533 3885 684 3937 mortem
711 3865 842 3938 adsumi
871 3870 907 3941 in
923 3873 1059 3944 coelum
1083 3875 1293 3969 prophetas,
1316 3879 1390 3956 itc-

156 3991 198 4047 ut
230 3979 458 4037 monumenta
492 3977 530 4029 et
557 3957 713 4051 sepulcra
738 3959 893 4053 ipsorum
922 3984 1006 4038 tunc
1032 3966 1096 4041 srnt
1120 3993 1249 4062 vacua,
1276 3995 1367 4051 atta·

152 4089 239 4155 men
262 4073 407 4160 propter
429 4051 631 4132 contactum
654 4055 812 4152 corporis
835 4059 1031 4156 prophetae
1049 4062 1174 4143 saneta,
1224 4070 1366 4241 ludgeri.

152 4181 156 4189 '
703 4178 706 4185 '
1303 4186 1374 4255 unp
