3104 4814
1209 474 1214 483 ο

153 616 234 709 m
540 601 690 704 AEstorlc
712 601 844 709 Erilis.
868 555 988 706 Christ.

157 806 284 888 quem,
314 775 496 869 rivelinr,
526 780 683 858 retinere
715 784 876 882 possunt,
907 787 1012 877 alter,
1044 800 1116 884 quo
1140 781 1390 883 permittitur&

154 904 199 965 ιι
216 880 243 956 si
259 880 334 989 quir
349 876 519 952 sacerdoti
536 878 736 976 promissa,
760 899 819 955 aut
834 882 1065 979 consessione,
1088 902 1148 956 aot
1163 882 1388 965 infirmorum,

156 978 380 1065 visitatione,
410 972 539 1072 aliquid
570 972 608 1047 in
633 976 888 1074 eleemosynam
910 979 994 1052 dare
1019 978 1128 1068 velit,
1159 977 1206 1057 ,id
1231 978 1390 1071 recipiat

156 1074 324 1154 sacerdos.
374 1069 539 1167 Denique
570 1070 797 1161 observetur,
824 1073 862 1148 iia
893 1076 1042 1171 prologo
1066 1071 1160 1164 dici,
1192 1071 1387 1170 pastorum,

147 1169 353 1276 subditorum
374 1188 413 1238 rie
438 1166 669 1261 negligentiam
694 1171 828 1242 nimium
852 1167 995 1263 creiiffe.

207 1265 241 1366 s.
265 1265 386 1340 CCL.
418 1261 513 1335 Ante
545 1263 840 1360 Clirodogangum
864 1265 902 1339 in
930 1262 1041 1341 Gallia
1068 1262 1142 1337 hoc
1156 1266 1386 1346 amaricatum

162 1363 367 1445 institutum
398 1355 560 1455 ignotum
598 1355 669 1432 suit
706 1380 806 1435 extra
839 1359 1061 1434 Cathedialer
1093 1359 1284 1450 Ecclesias,
1327 1358 1390 1434 sed

159 1463 206 1539 ab
241 1480 288 1534 eo
314 1474 479 1551 tempore
502 1452 572 1528 orti
608 1454 706 1546 sunt,
731 1455 774 1530 ad
791 1459 987 1551 exemplum
1005 1456 1279 1552 Chrodogangi,
1306 1456 1395 1536 Cle·,

160 1553 233 1636 rici
260 1554 433 1642 θαηυηὶσί,
456 1549 519 1624 uni
541 1549 712 1635 Ecclesiae
738 1553 931 1626 cathedrali
953 1550 1103 1641 adasai,
1128 1573 1227 1629 noua
1245 1549 1390 1624 ratione

161 1650 216 1732 sta
251 1647 428 1747 adpellari.
473 1647 590 1721 Antea
614 1646 761 1745 quilibet
788 1646 944 1723 Clericus
963 1645 1152 1742 adpellitur
1178 1646 1250 1720 fuir
1283 1647 1396 1731 Casio»,

160 1753 282 1835 oscus,
315 1742 409 1844 quod
433 1742 649 1816 Matriculae
675 1742 871 1835 Eccleliae,
910 1743 1054 1816 canonis
1077 1740 1219 1815 nomine
1242 1739 1388 1839 insigni·

157 1865 247 1932 aie,
269 1840 379 1916 suerit
394 1835 599 1932 inscriptus,
625 1839 788 1935 quodque
803 1837 975 1935 stipendio
994 1836 1189 1926 Ecclesiae,
1215 1837 1323 1911 eriam
1341 1857 1396 1913 eo.

161 1930 312 2018 r‘aomitie
339 1933 531 2036 adpellato,
577 1931 731 2009 vixerit:
757 1926 815 2008 sed
841 1938 912 2009 lioc
940 1953 1101 2029 ternpore
1130 1933 1284 2008 Consules
1307 1934 1400 2011 sunt-

161 2032 274 2122 aliti,
321 2028 382 2124 qui
408 2045 507 2097 unius
531 2042 629 2099 erant
652 2028 828 2104 Ecclesiae
852 2028 1084 2116 Cathedralis,
1125 2048 1163 2101 et
1188 2049 1308 2103 certae
1333 2050 1392 2101 re·

194 2132 269 2205 ulae
294 2119 503 2196 monasticae
525 2121 679 2217 adligati.
715 2127 835 2222 ¹Unde
868 2123 991 2222 postea
1016 2124 1093 2197 suut
1125 2122 1404 2209 cathedralium¹

164 2157 400 2303 Ecclefiarurn
428 2215 580 2316 capitula
604 2237 701 2308 orta,
741 2243 829 2315 quae
852 2220 960 2292 hodie
990 2215 1182 2313 supersunt.
1242 2221 1390 2294 Locum

163 2317 310 2420 q'uidcm
345 2334 448 2386 antea
494 2333 690 2386 tenuerunt
717 2314 836 2388 clerici
861 2315 1057 2408 regulares,
1091 2334 1130 2386 ut
1159 2318 1288 2411 quial>
1311 2317 1392 2390 Au·

166 2411 309 2516 pustino
335 2407 485 2482 instituti
511 2407 615 2497 sunt,
660 2407 718 2483 sed
746 2433 812 2484 uec
841 2413 980 2508 paslltn,
1019 2433 1086 2483 nec
1113 2411 1219 2484 eiiam
1242 2412 1315 2500 ita,
1349 2426 1398 2484 ut

168 2531 276 2591 nunc.
329 2507 532 2593 Praeterea,
559 2529 658 2594 cum,
685 2508 901 2580 Clericoruin
921 2506 1025 2601 copia
1041 2504 1163 2594 aiala,
1185 2508 1406 2582 amimea.

165 2602 323 2687 lhedrali
345 2599 518 2674 Ecclesiae
542 2603 727 2674 coadunari
752 2626 821 2674 non
848 2601 1004 2696 polleni,
1029 2603 1121 2693 plura
1148 2602 1227 2678 sunt
1251 2601 1394 2678 suffitu»

170 2725 213 2781 aa
228 2699 376 2795 collegia
393 2693 609 2770 Clericorurn
625 2698 902 2787 Canonicorum‚
925 2697 965 2769 ad
990 2695 1138 2770 formam
1163 2699 1397 2788 monasterio·

174 2826 278 2891 rum,
307 2813 404 2869 extra
429 2790 601 2867 Ecclesras
625 2795 874 2884 Cathedrales3
907 2791 1000 2865 unde
1029 2794 1102 2866 nati
1127 2796 1204 2868 sunt
1230 2793 1407 2892 collegiis

171 2915 288 2972 sarum
323 2887 553 2964 Ecclesrarurn
587 2889 735 2980 Clerici,
777 2911 815 2964 et
855 2888 1072 2986 parochiales
1109 2890 1146 2962 iri
1190 2891 1409 2989 collegiata}

169 2985 344 3070 Ecclesias
368 3002 538 3058 mutatae:
573 2984 648 3056 imo
674 2987 896 3075 monasteria,
928 2983 1107 3058 monachis
1132 2985 1251 3081 pulsis,
1286 3010 1399 3063 occu·

190 3085 305 3161 ¹arunt
337 3079 489 3168 Clerici;
531 3082 669 3177 quando
703 3081 760 3153 alii
794 3080 938 3155 suerunt
971 3080 1131 3153 canonici
1162 3085 1200 3156 in
1239 3083 1405 3159 Ecclesia

229 3178 400 3268 thedrali,
429 3177 488 3252 sub
514 3198 615 3248 manu
640 3173 830 3272 Episcopi,
855 3178 934 3264 alii,
961 3175 1020 3248 sub
1043 3179 1220 3252 Abbatum
1237 3200 1276 3254 et
1300 3202 1405 3276 prae·

203 3278 371 3352 ositorurn
405 3270 628 3360 direslione3
668 3294 790 3344 omnes
821 3268 1037 3347 monasteriis
1069 3273 1214 3368 quidem
1251 3273 1402 3368 inclufi,

215 3375 234 3449 d
260 3372 497 3447 aMonachis
519 3388 638 3441 tamen
663 3365 699 3439 iri
730 3390 772 3440 eo
804 3368 952 3457 divers,
987 3369 1082 3463 quod
1120 3393 1147 3442 i.
1180 3371 1313 3446 Clerici
1344 3373 1404 3447 es·

88 3476 96 3523 Ὗ
175 3473 277 3558 serat,
314 3466 351 3542 ol
374 3468 434 3542 sub
461 3488 526 3538 una
551 3462 679 3557 regula.
708 3486 740 3558 3.
767 3465 922 3538 nondum
952 3464 1064 3536 tribus
1093 3462 1246 3541 austriali
1282 3467 1427 3560 votis,

2 3566 6 3579 '
175 3566 239 3645 sed
267 3582 423 3651 tantum,
466 3561 652 3635 secundum
679 3582 833 3634 canones
865 3562 923 3636 vel
949 3560 1216 3656 Chrodogangi,
1250 3565 1308 3639 vel
1339 3565 1408 3642 Pa·

174 3678 291 3749 num,
328 3658 503 3730 viventes.
552 3653 658 3728 Dista
696 3678 814 3734 tamen
850 3657 928 3732 suot
961 3656 1152 3754 monosterii
1183 3661 1262 3735 loca
1292 3661 1405 3735 colle·

178 3758 251 3859 giis
280 3751 539 3829 Canonicorum
566 3750 755 3847 destinata,
782 3775 819 3829 et
846 3754 1017 3852 Templa,
1054 3776 1089 3826 et
1114 3753 1176 3848 ipsi
1195 3755 1327 3830 Clerici
1345 3777 1407 3834 ca·

176 3849 304 3933 tonici
330 3850 533 3936 coenobitae,
569 3852 616 3921 ob
640 3871 801 3949 magnam
826 3873 904 3933 cum
929 3851 1004 3926 vita
1029 3849 1219 3928 monastica
1241 3852 1412 3929 adfinita.

170 3966 266 4029 κω.
317 3942 485 4019 Canonici
508 3942 683 4042 denique,
723 3946 782 4042 qui
818 3943 854 4018 in
882 3945 1098 4023 monasteriis
1125 3969 1244 4040 erant,
1279 3951 1410 4027 Clerici

180 4045 324 4155 quidem
346 4059 465 4139 aaut,
487 4035 548 4151 sed
563 4038 734 4155 minei
759 4063 833 4143 riou
854 4064 914 4138 re,
939 4047 1023 4149 quia
1045 4042 1194 4141 collegia
1211 4065 1310 4123 erant
1327 4045 1408 4122 sine

1242 4140 1403 4243 argui.
