3104 4814
1037 373 1052 392 δ

147 613 210 687 ..⁶0
547 590 695 694 Historia
718 588 845 691 Et'cses.
871 590 989 693 etsist.

164 781 325 949 νοΙιέυιἸ
358 795 431 850 non
461 771 514 850 est
543 773 645 874 liuius
666 775 733 850 loci
758 773 945 873 inquirere.
993 772 1058 847 De·
1074 793 1146 871 qno
1167 771 1274 853 lort'e'
1285 774 1385 877 pulb-

167 901 208 954 ea
246 899 291 950 uo
327 894 405 946 oco.
1370 906 1374 919 ·

112 971 115 977 ’
215 972 247 1070 5.
272 969 350 1042 Lll.
384 989 417 1060 3.
443 964 610 1064 Denique
635 967 811 1041 observari
834 988 872 1040 et
895 964 978 1040 illud
1003 985 1180 1058 meretur,
1204 989 1278 1044 non
1307 988 1390 1049 tun·

153 1088 245 1144 ·tutn
275 1067 468 1151 advocatos,
512 1063 571 1136 seu
596 1062 818 1152 defensores,
862 1060 1154 1136 monasteriorum
1183 1058 1286 1139 suiffe
1313 1069 1389 1143 hoe

157 1183 330 1259 tempore
351 1158 547 1248 instituros,
585 1160 627 1232 ad
656 1182 777 1231 eorurn
801 1158 1026 1246 aviditatem,
1068 1159 1128 1252 qui
1157 1154 1391 1239 monesteriu-

165 1282 243 1335 tnm
260 1251 359 1330 bonis
372 1253 573 1338 inhiabant,
593 1254 868 1349 reprimendam,
887 1254 945 1327 sed
963 1272 999 1326 er
1014 1255 1052 1325 in
1069 1254 1202 1349 palatiis
1219 1256 1390 1351 Regum,

169 1375 212 1433 ac
238 1349 378 1436 castris,
423 1349 495 1444 jam
529 1347 628 1423 suill'e
658 1356 821 1438 oratoria,
853 1349 977 1446 quibus
1001 1370 1187 1443 praeerant
1204 1351 1386 1429 Abbates:

156 1450 261 1528 ,unde
284 1447 323 1521 in
352 1447 507 1519 Abbates
533 1444 705 1542 palatinos
727 1465 765 1519 et
790 1442 974 1519 castrenses
996 1465 1074 1517 orta
1101 1443 1152 1518 est
1183 1445 1386 1540 distinam,

167 1566 315 1647 quorum
340 1542 389 1615 illi
415 1542 642 1629 monasterio,
675 1543 713 1615 in
736 1541 866 1638 palatio
895 1536 1005 1635 Regis
1030 1538 1226 1630 exstructo,
1259 1565 1387 1638 praee.-

165 1661 266 1732 rant,
298 1638 336 1714 ui
360 1660 447 1712 veto
474 1635 582 1711 castra
606 1638 858 1733 sequebantur,
926 1633 1088 1732 raeposrti
1115 1639 1297 1713 monachis
1324 1640 1390 1717 ved

159 1735 334 1824 -Clericis,
368 1755 515 1829 quorum
543 1752 617 1807 erat
642 1733 776 1807 Divina
798 1733 836 1806 in
950 1732 978 1803 is
1002 1729 1139 1821 officia,
1170 1732 1264 1808 horis
1287 1734 1387 1809 diur-

166 1834 223 1910 nis
246 1855 286 1906 ac
310 1828 506 1916 notionis,
545 1828 753 1923 persolvere.
779 1827 868 1902 Vid.
893 1826 1080 1902 Mabillon.
1108 1829 1219 1903 annal.
1252 1831 1386 1909 Bered.

159 1953 199 2008 a.
226 1936 333 2018 624„
357 1944 395 1997 et
411 1925 455 1997 de
471 1923 649 1997 advocatis
672 1948 702 1999 a.
718 1931 800 2016 644.
851 1921 1047 2012 Postremo,
1080 1923 1172 2020 quod
1197 1946 1231 2014 4.
1257 1947 1385 2003 notan·
1443 1998 1448 2005 .

166 2027 275 2115 durn,
306 2019 436 2095 etiamsi
459 2017 666 2093 monasteria
698 2018 940 2112 utplurimum
965 2018 1080 2092 adhuc
1108 2017 1240 2092 suerint
1274 2024 1384 2099 bona·
1414 2053 1418 2058 ·

166 2144 246 2197 curn
277 2116 404 2192 artium
440 2133 478 2187 et
503 2113 696 2189 litterarum
729 2113 913 2204 officinae,
956 2133 994 2189 et
1026 2111 1136 2189 studia
1166 2116 1384 2212 aliquatenus

168 2236 297 2315 perca
323 2212 551 2300 conservata,
574 2209 691 2285 crevit
716 2224 833 2284 tanuen
857 2207 895 2283 in
918 2209 986 2285 illis
1009 2211 1120 2306 magis
1135 2213 1312 2309 magisque
1326 2213 1385 2293 su·

158 2306 327 2410 -perstitio
348 2306 387 2382 in
412 2303 553 2394 ritibus,
586 2305 720 2381 meritis
744 2307 838 2380 vitae
861 2304 1069 2380 monasticae
1093 2306 1298 2404 adscriptis,
1341 2307 1382 2386 in

137 2447 140 2454 ,
168 2403 378 2488 visionibus,
404 2401 595 2492 miraculis,
619 2401 837 2498 reliquiarum
862 2401 986 2476 studio.
1010 2419 1079 2475 etc.
1133 2400 1291 2501 Quorum
1309 2407 1386 2513 ple·

167 2525 216 2576 na
240 2503 319 2574 sunt
341 2498 466 2571 cunsln
490 2520 613 2572 eorum
637 2515 885 2587 monumenta,
919 2521 940 2571 a
963 2495 1134 2588 Bononio,
1176 2501 1251 2595 ipso
1275 2521 1383 2578 ettam

168 2594 398 2682 Mabillonio,
446 2592 565 2688 passim
601 2594 737 2667 curiose
771 2611 938 2666 enarrata.
995 2593 1134 2666 Notatu
1166 2596 1244 2668 sunt
1274 2597 1384 2693 digna

169 2697 277 2767 verba
296 2686 468 2766 Aventini
495 2690 622 2764 Annal.
647 2690 765 2786 Bojor.
791 2691 811 2763 l.
836 2690 901 2767 ΙΙΙ.
926 2688 1049 2786 quibus
1071 2688 1182 2780 dicit,
1207 2714 1272 2786 per
1294 2694 1383 2767 Mo·

169 2791 303 2866 nachor
339 2787 442 2861 fuisse
472 2785 567 2859 inter
583 2786 690 2883 Bojos
715 2805 752 2859 er
775 2788 909 2859 Suevos
934 2784 1150 2859 introductas
1177 2811 1276 2861 nouus
1299 2793 1384 2864 cert·-

169 2890 314 2970 monins,
340 2909 452 2956 nouam
467 2881 678 2976 seruitutem,
714 2900 809 2979 atque
832 2906 948 2971 onera,
973 2897 1085 2955 contro
1110 2884 1268 2976 majorum
1291 2883 1388 2979 inlli-

167 2995 253 3053 ruta.
304 2979 435 3050 Inlecit
457 2994 633 3068 praeterea
656 2977 871 3051 Monasteria
897 2976 988 3051 haud
1020 2975 1110 3050 levis
1140 2999 1275 3063 morum
1306 3003 1391 3056 cor·

169 3074 302 3169 ruptio.
351 3069 497 3165 Isidorus
515 3072 647 3168 Hispal.
673 3071 735 3146 off.
760 3070 892 3146 Eccles.
919 3072 989 3147 IV:
1018 3093 1075 3159 15.
1098 3071 1234 3147 diversa
1255 3098 1385 3170 pravo·

168 3191 247 3242 num
271 3167 528 3241 Monachorum
579 3190 683 3241 encta
698 3165 876 3256 recenset,
900 3187 939 3240 ut
957 3167 1279 3263 Anachoretarum,
1305 3174 1386 3249 Cir·

168 3262 460 3353 cumcellionum,
492 3282 530 3336 et
553 3192 850 3349 {arrabaitarunn
889 3262 993 3354 dein,
1028 3263 1171 3348 infin,
1199 3268 1385 3360 grall’antia

164 3357 441 3435 Monachorum
468 3356 556 3432 vitia
582 3359 619 3432 in
641 3380 773 3454 genere
797 3355 971 3453 castigat,
1004 3359 1059 3432 uri
1087 3366 1252 3450 κενοδοξίαν
1274 3388 1385 3441 vanae

159 3502 169 3511 -·
197 3452 305 3528 loriae
336 3453 559 3549 cupidinem,
577 3454 787 3548 superbiam,
804 3454 1000 3540 avaritiam,
1017 3455 1203 3548 invidiam,
1221 3460 1384 3542 litesetc.
1433 3472 1439 3479 '

213 3547 359 3638 alerius,
397 3549 515 3622 Abbns
537 3548 732 3644 Hispanus,
773 3551 863 3646 apud
897 3550 1078 3629 Mabillon.
1109 3557 1220 3631 annal.
1252 3560 1384 3636 Bened.

162 3668 202 3722 u.
228 3650 312 3734 695.
336 3660 374 3717 et
397 3642 436 3716 in
461 3641 546 3717 aslis
571 3645 790 3721 Benedislin.
825 3645 894 3722 see.
927 3648 973 3722 Il.
1005 3671 1040 3742 p.
1072 3674 1156 3745 997.
1188 3651 1284 3727 inter
1316 3654 1384 3731 alia

164 3739 276 3829 dicit,
302 3758 349 3812 ne
372 3736 578 3812 monasteria
598 3761 762 3817 maneant
782 3739 937 3831 deserta,
961 3744 1036 3819 tolli
1059 3769 1140 3822 curn
1165 3747 1307 3824 familiis
1326 3752 1383 3827 sn.-

157 3835 309 3923 ‚bnlcos,
326 3833 518 3931 opiliones,
536 3837 720 3928 parvulos,
737 3834 866 3935 eosque
883 3837 1013 3914 invitos
1022 3842 1182 3934 tonderi,
1202 3845 1320 3936 simul,
1336 3846 1381 3924 sr-

168 3949 234 4008 utr
257 3947 380 4020 antea,
413 3929 465 4004 ita
486 3929 524 4006 iu
550 3930 779 4007 Monasteriis
802 3933 889 4007 mule
916 3934 1060 4012 vixisse:
1100 3941 1171 4030 ita,
1197 3942 1313 4034 addit,
1345 3949 1382 4021 ἔκ

152 4021 395 4134 [actissuis
418 4026 496 4132 lqtt't
529 4022 739 4131 pauciffinrus
765 4034 901 4132 reperiri
916 4032 1026 4112 suun
1041 4036 1149 4131 viros,
1174 4042 1228 4134 qui
1247 4041 1287 4116 de
1320 4056 1387 4213 rozo

146 4184 155 4221 ι
804 4198 812 4205 -
897 4212 901 4223 ,
1299 4159 1393 4230 cora
