3104 4814
47 39 1427 491 —

146 597 211 697 i⁸.⁰
543 584 693 693 Wstttlll
714 583 985 691 &rusticana

11 756 14 761 ’
151 766 333 869 phtianur
351 760 429 867 post
452 774 545 842 cohi.
592 765 697 843 vid·
712 735 888 846 Affemin
917 763 996 843 diff.
1028 760 1076 841 de
1107 760 1397 866 Mmupnymra·

156 865 224 943 cit.
248 865 318 941 Sed
335 861 610 940 Patriarchatunu
626 866 701 962 ejut
722 865 876 939 maxime
890 860 1095 955 illustravit,
1110 863 1171 974 qui
1189 862 1263 937 hoc
1280 882 1398 955 tem·

158 982 253 1060 pote
277 957 426 1049 floruit,
463 956 580 1033 Torret
604 959 869 1049 Heracleenfir,
907 960 953 1034 ab
977 958 1064 1032 urbe
1096 978 1186 1054 eJua·
1200 957 1383 1051 ciminia,

116 1100 122 1105 -
160 1048 254 1145 unde
270 1053 438 1131 oriundua
454 1054 544 1143 suit,
568 1052 607 1128 in
623 1053 827 1146 Palaestina,
851 1051 1058 1143 seditior,
1082 1050 1396 1150 Episcopuuerd'

161 1148 420 1248 Monophyfita
445 1148 712 1240 Germaniciae,
740 1151 779 1225 in
805 1149 970 1226 confiniis
993 1146 1160 1239 Ciliciae,
1182 1147 1327 1256 Syriae,
1342 1162 1387 1226 et

159 1242 424 1344 Cappadociae,
463 1244 710 1320 celeberrimus
742 1271 834 1323 nova
856 1244 1015 1320 versione
1038 1244 1224 1342 Euangelit
1247 1245 1285 1317 in
1312 1241 1389 1322 lin»

158 1364 263 1440 guam
289 1343 484 1439 Syriacam,
501 1361 610 1438 ‘quam
637 1337 717 1437 post
743 1365 820 1416 eam
844 1338 1047 1426 Philoxeni,
1071 1361 1164 1415 nova
1190 1338 1295 1413 etiam
1315 1344 1405 1438 opi-

82 1463 83 1468 *
160 1437 329 1513 timorum
357 1436 526 1512 Codicum
552 1433 768 1511 Graecorum
802 1434 960 1528 instituta
989 1433 1199 1524 collatione,
1230 1435 1384 1511 adorna·

161 1531 234 1624 vit,
256 1556 338 1609 ann·
361 1537 467 1618 616..
501 1531 565 1606 ade
614 1556 657 1606 ue
686 1554 757 1609 roo
779 1531 879 1609 annin
903 1529 983 1629 post
1012 1531 1255 1607 Philoxenum.
1305 1530 1388 1607 Re.

139 1624 275 1727 ‘liquos
308 1627 414 1705 etiam
449 1554 676 1702 Novio'i'ell.
708 1629 816 1703 libror
846 1629 889 1703 ab
914 1649 960 1700 eo
981 1623 1084 1700 suille
1108 1625 1246 1715 versut,
1277 1626 1389 1703 tradit

159 1722 399 1803 flathebraeua
421 1721 511 1819 apud
538 1721 713 1798 Alseman.
745 1723 830 1799 Bibl.
856 1725 920 1809 or.
945 1721 1042 1798 ull.
1093 1719 1155 1795 list
1177 1739 1296 1799 autem
1319 1720 1404 1798 cer'

160 1819 266 1903 lebria
287 1822 376 1893 haec
407 1815 517 1890 versuo
542 1819 806 1910 Heracleenfis,
831 1820 952 1915 Syria,
975 1814 1013 1890 in
1038 1815 1161 1913 primia
1184 1817 1383 1913 Jacoaitir,

159 1914 221 2089 qui
239 1917 276 1989 in
293 1912 424 1988 divinia
440 1910 564 1986 officiis
576 1935 619 1987 ea
643 1934 804 2002 utuntur,
832 1935 962 2023 magno
979 1911 1174 2020 inpretio.
1223 1914 1404 2012 compo-'J

179 2011 227 2087 uit
248 2028 430 2106 praeterea
455 2009 672 2104 onophorum,
700 2009 758 2083 seu
783 2011 1000 2105 Liturgrarn,
1024 2028 1063 2081 tn
1087 2030 1172 2105 qua,
1220 2009 1291 2084 uod
1314 2032 1384 2085 no·

160 2107 326 2192 tandum,
367 2102 622 2194 consecratoria
653 2103 782 2179 Christi
812 2109 939 2194 verba,
981 2103 1019 2177 in
1044 2101 1185 2184 euchari
1223 2107 1273 2178 'ae
1295 2108 1402 2193 cont

159 2200 377 2301 sectatione,
402 2195 660 2289 desiderantur,
687 2200 780 2275 vitio
796 2202 854 2276 vel
872 2197 993 2273 frande
1022 2198 1303 2291 amanuensrum,
1330 2204 1402 2277 ,α’

160 2294 333 2393 opinione
357 2293 579 2382 Assemanni,
613 2291 671 2367 sed
697 2295 835 2386 verius,
870 2293 963 2393 quod
996 2313 1068 2373 non
1093 2293 1220 2369 Christi
1243 2295 1386 2388 verbis,

158 2386 221 2472 sed
242 2390 471 2468 invocatione
498 2389 650 2487 Spiritus
675 2394 733 2484 S.,
764 2393 813 2467 uli
835 2389 969 2466 fuerint
984 2387 1064 2486 Syri
1080 2389 1119 2464 in
1142 2389 1386 2467 consecratinz.

159 2511 218 2566 ne.
1096 2559 1099 2563 ,
1222 2556 1224 2561 .
1381 2528 1387 2555 r

208 2582 240 2684 h.
264 2581 560 2657 LXX11.⁸Seuerr
582 2579 697 2655 sedem
732 2599 898 2671 tenente,
938 2603 1004 2676 per
1036 2601 1143 2655 annor
1169 2602 1246 2673 12.,
1267 2582 1382 2682 usqne

159 2680 206 2756 ad
231 2702 262 2754 a.
290 2687 402 2769 68o.,
427 2676 544 2775 gravia
568 2677 661 2750 inter
680 2679 794 2786 ipsum
821 2697 858 2750 et
884 2678 1163 2772 Mesopotamiae
1186 2674 1403 2777 Episcopon¹

160 2796 242 2852 orta
265 2773 317 2850 est
343 2773 551 2875 contentio,
577 2774 621 2847 de
646 2774 901 2871 Episcoporum
927 2772 1173 2861 ordinatione,
1196 2797 1299 2869 quarn
1318 2779 1393 2869 Se'·¹

160 2895 270 2948 verns
290 2872 332 2946 ad
357 2869 614 2958 Patriarcham,
649 2870 708 2944 sed
731 2869 777 2945 illi
805 2871 845 2943 ad
875 2869 1167 2964 Metropolitam,
1199 2872 1384 2965 pertinere

162 2967 343 3053 urserunt,
366 2965 453 3036 adeo
476 2985 515 3036 ut
541 2965 736 3039 Patriarcha
758 2967 851 3053 illos,
885 2965 934 3039 illi
962 2963 1072 3038 rursus
1101 2976 1204 3053 enm,
1233 2969 1382 3045 anathe-

161 3077 256 3136 mate
281 3055 519 3156 percusserint.
569 3059 673 3158 Quod
696 3061 738 3132 ad
762 3062 887 3134 severi
910 3061 1044 3134 obitum
1071 3060 1220 3135 duravit.
1268 3056 1386 3141 Aria-f

163 3153 276 3249 naſsas
303 3156 373 3241 ll.,
411 3153 581 3228 successor
604 3156 694 3251 eJ'us,
724 3152 806 3227 ideo
833 3158 1071 3229 memorandus
1095 3153 1167 3245 est,
1200 3159 1293 3253 quod
1318 3161 1389 3235 sub·

160 3250 238 3326 iso
262 3247 422 3324 floruerit
456 3249 610 3344 Jurobar
642 3245 836 3344 Edeffinur,
868 3253 1021 3349 primurn
1043 3252 1263 3344 Monachus,
1295 3253 1383 3333 dein

194 3344 354 3444 piscopos
376 3345 564 3419 Edessenus
591 3370 621 3419 a.
648 3351 755 3435 651„
791 3346 847 3420 sed
875 3345 993 3442 postea
1015 3348 1126 3419 rursus
1152 3348 1380 3443 Monachus,

163 3465 247 3517 curn
269 3463 419 3515 canones
451 3441 581 3537 negligi
606 3439 858 3516 Ecclesiasticos
892 3442 984 3515 ferre
1018 3464 1090 3517 noo
1115 3444 1235 3543 posset.
1283 3445 1382 3522 Fuis-

160 3542 200 3616 se
229 3556 344 3612 autem
369 3560 449 3609 eum
473 3534 687 3634 Jacobitam,
728 3561 770 3612 err
796 3538 868 3634 ejus
892 3535 1035 3613 historia
1065 3538 1286 3620 manifestum
1308 3541 1388 3636 est,

88 3642 90 3646 ’
174 3631 357 3708 Alseman..
374 3632 460 3704 Bibl.
488 3634 550 3706 Or.
576 3651 600 3706 t.
627 3634 654 3706 l.
679 3634 752 3730 ejus
767 3634 1009 3712 orthodoxiam
1035 3633 1175 3730 quidem
1200 3634 1383 3732 defendit,

164 3726 223 3802 sed
250 3728 368 3824 postea
393 3745 507 3799 tamen
535 3746 620 3800 tom.
648 3730 694 3804 H.
720 3755 876 3805 errorem
913 3736 1008 3806 suurn
1032 3730 1197 3807 correxit.
1247 3733 1383 3846 Adpel·

164 3824 252 3898 latur
274 3824 405 3896 eximie
430 3824 664 3896 Commemorat
693 3825 873 3912 librorum,
925 3842 1027 3913 cum,
1066 3826 1160 3920 quod
1191 3851 1383 3907 canonicor

164 3919 293 4015 Script.
318 3922 352 3993 S.
370 3917 475 3992 libros
492 3921 753 3993 commentariis
771 3919 1009 4012 illustraverit,
1039 3935 1131 4006 tum,
1158 3924 1300 4010 plurima
1318 3927 1389 4001 Ca·

93 4061 96 4065 ·
164 4016 377 4105 tholicorunr
400 4033 438 4090 et
466 4015 737 4091 Haereticorum
770 4015 896 4112 scripta
927 4023 988 4096 ex*
1001 4019 1139 4096 Graeco
1160 4019 1295 4099 fecerit,
1316 4024 1388 4119 εγω

1269 4136 1384 4214 traca,
