3104 4814
129 560 232 708 ἰοὶ
562 608 712 715 filiatio
735 610 865 716 Eccles.
890 609 1009 717 cnrtst.

134 799 276 895 sdaerir,
310 812 349 874 et
370 793 538 896 reliquiae
569 793 737 872 h'onorari
761 795 873 873 solent
890 796 939 873 'in
960 787 1126 872 Ecclefia
1157 788 1288 901 ‘Hune
1311 778 1391 859 cul·

160 916 239 973 tum
263 917 330 993 qua
355 893 490 970 ratione
516 893 559 968 ab
581 891 778 969 idololatria
809 892 849 967 in
871 895 1003 989 Script„
1029 891 1065 965 S.
1090 905 1206 963 vetita
1227 885 1390 996 absolve·

160 1012 264 1081 runt,
287 1009 326 1065 et
353 1013 434 1066 cum
461 990 564 1065 unius
588 988 786 1064 Dei-cuttu
810 992 1063 1076 conciliarunt,
1086 1004 1131 1059 ex
1153 981 1258 1059 dinis
1279 980 1389 1089 facti?

161 1085 348 1179 elueescit,
372 1086 432 1162 sed
460 1086 497 1160 in
523 1088 628 1160 variis
650 1088 778 1256 Scrift.
796 1086 832 1162 S.
857 1087 965 1175 loeis,
985 1087 1130 1161 Parrum
1148 1076 1387 1192 aestimarim.

160 1184 417 1272 erminonis,
442 1204 507 1278 per
532 1180 700 1278 imagines
742 1180 842 1274 neiis,
867 1182 1066 1257 fundarunt.
1116 1179 1301 1264 crearunt,
1317 1192 1385 1282 'em

160 1301 216 1377 gr.
241 1279 442 1376 ex··Script.
459 1279 526 1368 .S.,
560 1275 724 1354 homines
750 1277 786 1352 se
810 1276 966 1353 invIcem
991 1271 1165 1365 adorare,
1195 1291 1256 1347 aut
1280 1286 1388 1353 etim

155 1396 218 1450 res
242 1373 470 1465 inanimatas,
488 1372 540 1448 uti
555 1374 728 1471 Jacobum
744 1375 881 1470 virgam
898 1375 1011 1466 suam,
1031 1373 1183 1471 Judaeos
1199 1365 1387 1449 rabellum

165 1469 299 1569 pedum
323 1472 417 1562 Dei,
449 1489 485 1544 et
508 1466 812 1567 Hierosolymam,
845 1472 1044 1568 serpentem
1068 1488 1208 1565 quoque
1232 1482 1386 1573 aeneum

166 1565 347 1658 ereetum,
367 1566 607 1657 cherubinos,
632 1566 767 1664 aliaque
792 1568 906 1643 cuitus
936 1565 1071 1642 ritualia
1092 1562 1276 1636 simulacra.
1328 1559 1386 1633 διν

157 1661 256 1739 winilia
279 1663 414 1739 farinae
438 1663 520 1738 sunt
542 1664 682 1736 Parrum
707 1662 907 1738 testimonia
934 1666 974 1738 et'
1000 1660 1186 1749 miracula,
1209 1654 1384 1752 fidiapai·

156 1758 247 1853 fin,
272 1759 310 1835 in
336 1758 434 1834 libris
459 1756 629 1833 carolinis
645 1759 718 1856 jam
742 1760 904 1836 refutata
954 1756 1177 1834 Testimonia
1200 1754 1382 1833 Veterum

159 1878 237 1932 non
260 1873 393 1931 tantum
417 1855 496 1929 sunt
517 1853 637 1949 primia
662 1855 771 1933 tribua
793 1856 915 1931 seculis
933 1853 1152 1953 posteriora,
1183 1849 1242 1927 sed
1266 1867 1303 1922 et
1326 1848 1382 1923 se·

162 1951 347 2050 quentium
369 1951 477 2048 usque
502 1949 545 2023 ad
568 1950 634 2027 sec.
663 1951 732 2027 VI.
759 1953 815 2026 vei
836 1955 987 2049 genuina
1010 1970 1081 2024 non
1108 1950 1206 2037 sunt,
1231 1947 1288 2021 vel
1313 1966 1381 2041 pa·

158 2071 241 2219 prm
264 2046 308 2121 ad
329 2067 414 2120 rem·
429 2042 564 2120 iaciunt
577 2068 590 2136 ;
627 2046 764 2144 dequo
788 2046 831 2124 ad
859 2047 991 2148 singula
1020 2045 1134 2122 secun
1160 2042 1242 2119 satia
1265 2062 1380 2140 expos

178 2165 224 2218 ur.
1312 2190 1315 2195 >
1357 2189 1368 2217 ·.

206 2235 239 2338 ς.
266 2232 539 2313 CLXXXVIII.
571 2238 674 2316 Haec
696 2235 747 2314 est
780 2238 910 2314 famosa
938 2237 993 2313 iila
1030 2233 1189 2337 synodus
1212 2230 1382 2321 Nicaena

159 2332 211 2424 11,
244 2354 345 2429 quam
376 2333 560 2409 lconoduli
590 2335 729 2433 quidem
758 2334 903 2410 censent
937 2333 1038 2408 Iurffe
1080 2332 1383 2418 Oecumenrcam

149 2429 220 2510 sed
245 2428 336 2502 haud
359 2430 488 2524 majore
507 2431 607 2526 jure,
666 2454 745 2507 uam
772 2433 960 2506 CPoiitana
987 2430 1047 2505 sub
1072 2426 1307 2504 Constantino
1334 2427 1381 2501 ab

160 2526 269 2600 altera
290 2543 393 2620 parte
420 2525 584 2621 habetur,
612 2457 676 2603 aiii
702 2529 799 2624 quod
824 2523 935 2624 Papae
959 2525 1087 2625 iegati,
1123 2524 1209 2598 licet
1231 2524 1274 2598 ad
1298 2544 1382 2599 eam

157 2620 294 2696 eirene
317 2642 391 2695 non
415 2620 524 2713 miffi,
558 2622 752 2715 adfuerint,
785 2642 824 2697 et
847 2626 961 2721 Papae
982 2621 1164 2697 accefferit
1187 2620 1378 2694 confirma·

158 2717 224 2797 tio.
277 2717 417 2791 Interea
437 2738 504 2815 pro
529 2719 719 2794 universali·
739 2718 883 2814 Synodo
918 2740 993 2792 earn
1025 2743 1110 2793 vero
1146 2717 1246 2792 vocis
1274 2714 1380 2791 sensu

157 2811 283 2893 haberi
307 2835 377 2887 non
403 2815 521 2911 paffe,
547 2815 624 2892 libri
643 2814 796 2891 Carolini
813 2815 858 2888 de
878 2816 1089 2911 Imaginibus
1117 2815 1138 2886 1.
1165 2814 1233 2888 IV.
1258 2832 1291 2885 c.
1311 2820 1377 2893 28.

158 2931 273 2983 exeo
301 2909 409 2981 etiam
436 2910 696 3004 demonstrant,
731 2912 823 3009 quod
852 2911 1020 3009 Episcopi
1047 2909 1201 3000 Galliae.
1217 2909 1378 2985 Germa·

157 3001 259 3092 niae,
283 3001 504 3092 Britanniae,
528 3005 740 3104 atratumque
755 3006 950 3096 ditionum,
977 3008 1010 3080 ei
1030 3032 1101 3081 non
1117 3003 1377 3099 interfuerint,

157 3119 225 3172 nec
253 3117 373 3170 omnes
405 3097 578 3173 Ecclesiae
604 3101 670 3176 srnt
694 3102 881 3178 consultae.
934 3104 1019 3179 Vid.
1045 3123 1083 3177 et
1107 3104 1128 3177 I.
1154 3103 1218 3176 III.
1248 3120 1283 3174 c.
1311 3123 1376 3180 rr.

156 3191 355 3270 Hadrianus
380 3216 468 3267 vero
493 3191 586 3295 Papi
607 3220 684 3272 eam
709 3196 871 3295 quidem,
896 3198 1052 3296 expreffa
1074 3196 1220 3294 epistola
1242 3198 1288 3271 ad
1303 3197 1378 3275 Ec·

156 3287 274 3367 cleiias
301 3308 359 3363 aut
383 3293 605 3387 Inperatores
624 3294 722 3382 data,
749 3317 819 3367 non
839 3295 1082 3384 confirmavit,
1106 3312 1258 3368 attamen
1277 3290 1377 3389 posta

156 3410 199 3462 ea
224 3385 383 3462 defendit
408 3387 445 3461 in
468 3389 632 3487 epistola,
651 3388 715 3463 sen
738 3391 856 3466 Iibelio
878 3393 1115 3488 responsorio,
1139 3390 1183 3466 ad
1208 3391 1375 3473 Carokrm

156 3484 241 3576 M„
267 3483 341 3581 ejus
365 3483 461 3560 libris
484 3486 657 3584 opposito.
708 3488 766 3563 De
791 3511 859 3585 quo
882 3509 976 3561 mon·
1025 3489 1150 3579 Unde,
1190 3485 1285 3584 quod
1308 3507 1380 3565 no·

153 3580 299 3691 tandum
321 3579 391 3674 est,
416 3602 531 3679 patet,
565 3581 782 3660 Hadrianum
804 3586 880 3660 adia
898 3585 1032 3680 Synodi
1049 3586 1195 3659 omnino
1210 3581 1377 3694 adoptas·

141 3679 212 3768 de,
253 3695 357 3752 enam
382 3698 462 3752 ante
484 3681 663 3780 synodum
696 3682 921 3759 Francoford
972 3683 1059 3758 Vid.
1091 3700 1129 3756 et
1157 3680 1196 3756 P.
1220 3677 1375 3761 anxior

150 3773 284 3851 differt.
309 3772 353 3847 de
379 3779 579 3852 conciliorum
604 3779 841 3875 definitionibus
863 3782 1091 3855 examinandis
1113 3801 1190 3874 cap.
1216 3796 1253 3869 3.

160 3898 163 3903 ·
202 3869 241 3970 δ,
261 3870 489 3946 CLXXXIX.
524 3875 671 3949 Duabus
695 3874 895 3970 Imaginum
928 3874 1094 3973 epochis,
1128 3873 1249 3974 priore
1281 3893 1380 3953 con·

151 3967 338 4066 fratiarum
362 3987 400 4041 et
424 3988 706 4064 oppugnatarum
730 3972 791 4044 sub
816 3969 938 4045 Leone
962 3973 1099 4059 Isauro,
1132 3990 1170 4047 et
1195 3965 1375 4048 eonstan.

119 4082 123 4091 '
151 4069 232 4153 tino
255 4068 504 4167 copronymo,
534 4061 731 4164 posteriore
755 4066 869 4144 colcu·
899 4086 938 4144 et
965 4067 1180 4157 adorationis
1207 4064 1371 4249 sancit&

148 4182 171 4237 e
241 4186 246 4195 ·
577 4209 580 4212 -
704 4216 709 4229 .
1162 4216 1196 4235 .·
1232 4222 1235 4227 .
