3104 4814
690 670 796 751 Setul.
821 671 908 749 VII.

179 875 235 947 ego
260 844 438 946 ctrffugm
450 844 553 940 satio
576 870 648 922 eam
667 853 715 923 ud
742 850 807 941 Te,
846 868 880 926 et
912 852 1030 949 prolem
1054 855 1127 947 ejus
1149 876 1173 925 u
1193 851 1323 927 Satara
1351 854 1403 925 la·

174 950 310 1045 pidum,
343 946 404 1019 sed
437 946 530 1019 nihil
552 945 644 1018 aliud
663 946 878 1036 intenditur,
908 972 950 1021 ac
973 950 1090 1021 Deum
1113 946 1184 1021 elle
1206 949 1357 1023 Mariam
1380 970 1403 1023 u

174 1043 352 1131 Diabolo,
392 1040 622 1115 execratione
641 1042 678 1113 di
726 1066 775 1131 o,
793 1044 1048 1117 2defeurirrum.
1091 1042 1233 1117 Titulus
1256 1044 1399 1139 lapidari

171 1137 374 1215 execrabile
396 1135 484 1235 quid
508 1156 644 1210 tuntum
689 1157 823 1212 enotat
856 1139 957 1239 Quae
970 1137 1064 1211 enirn
1083 1138 1237 1223 Vererer
1253 1162 1399 1214 execre-

170 1238 201 1311 ri
225 1236 421 1323 volebant,
451 1232 624 1327 lapidibus
643 1234 853 1310 obruebant:
891 1233 985 1306 unde
1007 1255 1049 1309 ea
1072 1251 1153 1306 natu
1178 1231 1231 1307 est
1253 1235 1399 1310 locutio.

164 1333 228 1407 Sic
251 1331 294 1405 in
318 1326 428 1403 l'acrir
450 1326 639 1436 ldoeoenii
655 1328 862 1421 Diabolum,
900 1328 1030 1403 solenni
1053 1330 1143 1416 ritu,
1179 1328 1283 1425 jablir
1311 1330 1397 1441 lapi·

161 1429 294 1514 dibnr,
340 1446 499 1498 execrari
526 1423 679 1497 solebant
710 1424 1010 1501 Mubammedani.
1058 1422 1163 1523 Quod
1195 1446 1283 1499 vero
1306 1423 1398 1501 ibid.

161 1523 259 1599 vers.
285 1541 354 1611 42.
376 1519 511 1616 Angeli
535 1517 672 1593 Mariae
695 1517 838 1610 dicunt,
871 1523 889 1593 d
917 1524 1061 1597 Mutia!
1102 1533 1189 1595 certe
1212 1520 1306 1593 Deus
1332 1524 1397 1593 ele·

157 1612 1246 1807 &attillanililii-‘llltlll‘t
1268 1639 1403 1802 §lli

160 1815 196 1885 ir
259 1808 377 1881 marr.
426 1807 517 1897 Sed,
546 1805 634 1881 licut
653 1764 776 1903 polica
797 1766 969 1905 negaruiit
992 1764 1279 1881 Muimmedani
1311 1828 1397 1902 pec·

156 1926 281 1983 catum
306 1902 476 1992 Adurni,
512 1900 564 1976 ita
586 1902 714 1975 nullum
739 1901 812 1978 dari
844 1920 1027 2000 peccatum
1055 1898 1224 1996 originale
1254 1900 1397 1977 censue·

155 2018 255 2079 mot.
313 1998 510 2073 Virtutem
532 2018 623 2070 vero
649 1996 775 2090 partim
807 1999 937 2074 aDeo
959 1994 1054 2087 dari,
1093 1992 1225 2094 purtim
1246 1993 1418 2091 discipli,

155 2122 200 2175 na
223 2117 269 2173 et
296 2092 425 2170 studio
448 2092 603 2191 acquiri,
626 2090 841 2169 statuerunt:
865 2093 938 2169 vid.
962 2094 1108 2188 Busbeq.
1131 2094 1156 2168 l.
1180 2090 1241 2167 cit.
1263 2114 1304 2189 p.
1333 2114 1395 2188 32.

418 2284 489 2359 nn
516 2284 608 2360 vm
638 2285 709 2360 nn
738 2238 1021 2374 saturam,
1035 2282 1138 2361 van

433 2474 659 2550 nonnus
682 2474 914 2576 Jusrmm
938 2473 1121 2550 conum

726 2666 840 2744 DEO.

163 2942 168 2949 .
206 2860 455 3041 {exunt
495 2859 674 2951 Peccata,
698 2857 888 2933 secundum
914 2858 1323 2953 Muhammeu„2b1,3‚
1354 2878 1397 2941 a

161 2970 211 3045 ω]
246 3022 261 3057 ,
305 2957 602 3060 perfrequenter
632 2957 830 3030 ablutiones
855 2975 893 3031 et
918 2954 1201 3051 purificationes,
1248 2958 1395 3042 trudunt

159 3062 286 3163 paffim
312 3051 527 3142 Christiani,
568 3072 606 3125 ut
637 3051 855 3127 Bartholom.
879 3051 1070 3126 Edellenur
1092 3057 1184 3153 apud
1208 3055 1391 3135 Moinel·
1500 3094 1503 3098 ·

162 3161 222 3235 cir.
249 3173 296 3231 et
321 3153 362 3225 in
378 3147 592 3225 Saraceniais
616 3145 814 3244 Sylburgii:
856 3146 916 3223 sed
941 3148 1116 3223 Relandus
1137 3156 1184 3227 ab
1214 3153 1288 3227 hoc
1317 3169 1394 3231 non

162 3273 308 3331 mamm
334 3266 460 3322 errore
482 3240 767 3333 eorexcusavit,
808 3244 867 3317 led
892 3245 1022 3316 etalio
1048 3244 1183 3334 crallo,
1223 3268 1296 3343 quo
1327 3245 1390 3325 ad·
1420 3290 1424 3297 ·

164 3352 284 3425 serere
314 3345 501 3428 dicuntur,
525 3362 667 3427 omnes,
700 3339 758 3435 qui
780 3336 945 3412 inimicos
968 3337 1047 3411 suot
1071 3340 1299 3429 occiderunt,
1326 3356 1387 3419 aut

165 3436 551 3525 ubillmncciduntur,
575 3433 770 3510 Paradisum
785 3432 928 3511 intrare.
962 3433 1033 3507 Sed
1058 3432 1140 3508 illud
1163 3454 1298 3510 rantum
1318 3458 1384 3515 ve·¹

173 3560 250 3614 rum
269 3530 366 3623 estu:
388 3530 679 3619 Mubammedem
718 3529 829 3604 vitam
854 3550 1032 3605 aeternam
1065 3526 1114 3602 iia
1170 3530 1389 3623 remittere,

221 3632 301 3709 ‘in-
316 3633 381 3705 rio
401 3624 495 3717 ner,
522 3627 599 3701 -seu
631 3646 792 3722 tanquam
824 3627 1007 3735 Martyres
1039 3647 1107 3734 pro
1138 3554 1209 3700 ide
1242 3624 1393 3707 unitatit

208 3728 268 3821 ei,
296 3720 528 3810 moriuntur,
569 3721 614 3797 de
645 3743 716 3816 quo
740 3742 787 3797 ex
810 3721 917 3794 variis
938 3721 1107 3795 Alcoram
1133 3720 1221 3799 locit
1251 3721 1391 3801 abunde

165 3824 318 3905 constat.
369 3820 460 3905 Sed,
502 3835 540 3891 ut
565 3816 669 3911 paulo
692 3816 890 3890 adcuratius
921 3812 1126 3904 instituam,
1174 3815 1392 3909 Septemcal·

165 3918 293 3999 uentis
319 3917 369 3991 de
390 3914 543 3988 Moribus
573 3910 750 3986 Turturum
765 3935 797 3987 c.
825 3932 902 4003 αα,
928 3910 965 3984 in
983 3914 1158 3985 Alcorano
1175 3913 1388 4007 multando,

164 4018 332 4106 adnotat,
359 4029 507 4109 quatuor
531 4006 682 4081 diversas
706 4009 773 4082 hac
796 4006 840 4081 de
865 4032 903 4083 re
928 4006 1108 4103 opiniones
1131 4007 1222 4079 inter
1246 4031 1306 4079 eos
1332 4004 1388 4082 ui.

167 4132 274 4215 gere3
301 4130 450 4213 quarum
468 4106 579 4203 primo
606 4100 678 4197 ell,
703 4103 882 4182 neminem
906 4103 1036 4182 servari
1062 4099 1182 4205 polle,
1205 4099 1322 4175 uillin
1338 4100 1389 4178 lo·

748 4198 824 4307 Pa
1185 4214 1393 4306 a·
