3104 4814
160 674 211 753 γι
553 653 702 760 isidoris
723 650 852 758 Escsrfi
870 651 995 760 sitast.
1124 738 1140 749 ,

167 827 221 919 ,est
242 829 391 912 stabilita
400 834 420 927 ,’
451 850 489 913 et
519 836 660 915 unionis
700 832 1033 938 Monophylitarum
1069 820 1155 909 'rum
1186 816 1389 907 Catholici·

166 924 260 1027 jacea
281 931 360 1006 sunt
382 931 629 1026 fundamenta3
678 935 822 1011 condita
854 954 994 1032 quoque
1024 928 1103 1006 sunt
1135 948 1266 1003 novem
1296 936 1384 998 eun

167 1025 465 1104 anathematismis
488 1029 657 1127 capitula,
698 1052 847 1130 quorum
871 1027 1055 1126 septimum
1079 1048 1175 1100 unam
1207 1018 1388 1129 Sami&

167 1118 359 1197 Delvlrilem
391 1125 638 1221 operationem
667 1125 926 1223 complestitur.
984 1119 1129 1196 Exstant
1167 1112 1388 1215 in”·Syuo·do

166 1212 236 1388 Vll.
260 1216 366 1388 Mis?-
387 1243 527 1330 quoque
550 1220 602 1296 est
622 1219 767 1316 epistola
782 1219 960 1320 synodica
974 1219 1016 1294 ad
1032 1218 1217 1317 Sergium,
1239 1214 1301 1313 qui
1314 1208 1390 1287 cul·

139 1434 140 1439 ι
164 1337 528 1509 ευξωιῗζῆῗηὲιιιι
551 1430 640 1486 vero
665 1409 885 1507 sophronius
905 1410 1125 1500 Monachus,
1141 1399 1389 1483 utereturne

168 1522 256 1580 tunc
278 1505 449 1599 versatus,
474 1504 626 1604 septimo
648 1506 937 1582 anathematismo
951 1507 1187 1583 vehementes
1204 1497 1388 1576 contradi-

133 1644 136 1652 ·
164 1620 287 1691 teret,
311 1601 356 1676 de
405 1626 451 1677 uo
472 1604 615 1713 Sergius
640 1604 677 1677 in
701 1599 800 1701 epist.
823 1602 865 1676 ad
891 1602 1110 1691 Honorum,
1141 1617 1180 1674 et
1203 1595 1387 1706 Maximus

166 1697 205 1774 in
232 1722 290 1809 ep.
314 1697 357 1772 ad
381 1627 521 1775 {etrum
546 1697 732 1787 slsustrem,
772 1695 934 1786 testatur,
973 1697 1133 1796 iseque,
1174 1693 1313 1769 CPolrn.
1339 1691 1386 1766 ad

164 1796 330 1893 Sergium
355 1797 521 1904 tendens,
558 1792 681 1904 srustta
703 1796 746 1868 ab
771 1793 847 1888 ipso
869 1722 1011 1959 eufimii
1034 1790 1263 1866 abolitionem
1285 1784 1386 1957 ffli-

153 1891 264 1979 illet,
288 1906 350 1978 et,
370 1911 408 1962 m
434 1887 658 1963 Palaeshnam
683 1889 815 1978 redux,
839 1887 906 1984 lips
923 1910 1033 1988 copus
1056 1888 1168 1962 ladius
1189 1882 1276 1959 esset
1345 1902 1387 1957 e·

164 1982 453 2080 rosolymitunus,
495 1983 572 2058 z'elo
601 1984 664 2058 suo
693 1985 783 2058 adeo
810 1982 969 2073 indutus,
1009 2002 1049 2059 ut
1079 2002 1257 2070 motuum,
1297 1976 1386 2055 iude

160 2099 346 2169 ortorum,
371 2077 588 2154 occationem
613 2081 671 2154 vel
689 2078 820 2154 causam
839 2080 1052 2174 praebuerit.
1084 2072 1382 2175 scripntquidem

61 2261 64 2266 ,
163 2173 305 2271 Sergius
325 2175 369 2249 ad
395 2174 597 2250 Honorium
622 2176 769 2272 Papam,
795 2197 897 2249 unam
912 2176 1127 2250 voluntatem
1144 2171 1241 2246 redie
1255 2169 1382 2263 statui,

161 2271 225 2348 sed
249 2267 347 2367 pacis
369 2268 469 2346 eausa
491 2273 587 2346 uniat
604 2289 642 2345 et
665 2274 801 2346 duarum
818 2293 927 2343 voees
943 2269 1081 2346 silentio
1104 2269 1216 2368 premi
1243 2266 1315 2343 esse
1330 2263 1386 2343 se·
1421 2350 1425 2357 ,

163 2365 254 2456 tius,
295 2382 334 2440 et
361 2368 404 2440 ab
430 2366 598 2441 Honorio
623 2367 768 2443 eandem
799 2366 837 2441 in
869 2386 1026 2442 mentem
1067 2362 1205 2463 accepit
1237 2362 1384 2458 respou-

157 2464 259 2552 sum,
283 2484 372 2557 quae
398 2459 536 2536 litterae
567 2460 604 2536 in
639 2461 706 2538 aii.
729 2461 863 2560 synodi
896 2462 964 2538 Vl.
989 2462 1187 2561 supersunt,
1224 2456 1295 2532 scri
1322 2477 1381 2533 tue

162 2580 196 2635 a.
222 2562 304 2650 634..
337 2555 406 2630 Sed
431 2554 650 2652 Sophronius
671 2560 824 2648 interea,
857 2557 1005 2654 Synodo
1031 2559 1152 2633 habita
1173 2482 1383 2653 Hieroiily·

160 2672 260 2743 mae,
285 2673 383 2725 anam
407 2651 621 2726 voluntatem
643 2652 785 2749 penitus
810 2653 1009 2744 damnavit,
1041 2677 1072 2729 a.
1098 2661 1181 2750 634.
1205 2668 1242 2723 et
1265 2650 1383 2748 Syno-

157 2749 277 2827 dicam
302 2746 395 2825 mifit
418 2746 461 2822 ad
476 2747 697 2824 Patriarchas.
749 2749 854 2823 Unde
870 2767 987 2823 motus
1004 2748 1082 2825 sunt
1098 2746 1226 2823 exorti.
1252 2744 1300 2818 Su

160 2845 213 2933 est
235 2863 273 2919 et
295 2844 353 2919 illa
378 2843 552 2940 Synodica
573 2845 610 2918 in
634 2845 721 2920 uilis
746 2843 880 2943 Synodi
903 2845 971 2920 Vl.
1029 2841 1211 2920 consensit
1236 2840 1294 2938 qui
1341 2864 1380 2918 m

159 2938 701 3129 lslllsslllistllsltl
718 2937 1380 3111 slslll‘llllllnsfstl

51 3108 54 3123 ¹
157 3131 347 3207 -voluntate
382 3089 613 3224 praedicanda
645 3063 940 3223 et’urgendaynon
958 3132 1087 3206 cellare
1116 3128 1385 3221 intellexisset,

158 3222 254 3335 misit
277 3222 513 3334 Stephanum,
542 3224 708 3304 Doreosrs
730 3223 905 3336 Ecclesiae
920 3228 1211 3323 Metropolitum,
1233 3226 1278 3300 ad
1293 3224 1377 3300 Ho·

156 3319 637 3506 slllluf‘sllalll
659 3322 1176 3526 llulillllttslsls
1191 3340 1376 3509 dmm

152 3512 238 3610 lpse
266 3534 406 3621 quoque
431 3512 617 3586 Honorius
650 3513 691 3587 ad
725 3517 886 3610 Sergium
912 3533 950 3585 et
982 3517 1133 3612 Cyrum,
1171 3514 1216 3588 de
1249 3513 1374 3590 filentil

156 3613 379 3781 Obeconomra
402 3603 569 3683 servanda
600 3608 730 3685 litteras
761 3609 880 3703 dedit,
921 3609 971 3689 iu¹
997 3612 1083 3686 allis
1117 3609 1266 3709 Synodi.
1302 3608 1372 3686 Vl.

154 3728 288 3781 ovtas.

155 3824 158 3829 ‘
204 3803 235 3903 s.
261 3799 394 3874 LXIV.
428 3799 509 3902 Quo
532 3799 570 3874 in
595 3823 710 3874 rerum
734 3800 842 3887 statu,
869 3826 950 3879 curn
985 3805 1272 3880 vehementiores
1297 3822 1375 3879 tne-

154 3915 336 3979 tuerentur
372 3918 510 3987 motus,
552 3896 711 3990 Sergius,
752 3917 790 3972 ut
822 3901 1061 3975 Oeconomiae
1098 3900 1229 3974 filentii
1259 3901 1374 3998 major

152 3992 336 4080 accederet
351 3990 537 4080 autoritas,
563 3992 761 4089 composuit
779 3996 896 4070 itiam
912 3996 1065 4091 edlestu,
1088 3995 1373 4091 expositionem,

23 4187 29 4198 .
148 4114 296 4184 eamque
311 4087 468 4166 Heraclii
484 4087 648 4181 nomine,
672 4109 754 4165 cum
769 4093 843 4189 ejus
867 4095 1057 4187 consensu,
1081 4091 1256 4190 publicari
1280 4092 1375 4204 feeit

151 4212 155 4217 ’
1330 4211 1374 4266 ιιι
