3146 4458
252 167 335 266 ‚336
641 163 789 264 Historia
812 162 1081 266 Ecrlrfisliiijl.

141 337 147 346 '
262 343 368 433 vico,
393 340 602 420 Germaniae
627 343 744 443 Rege.
792 345 961 422 Interfuit
975 341 1120 445 synodo
1138 339 1311 442 Mogunt.
1336 335 1503 434 33848.

262 459 388 515 contra
414 437 644 532 Godschallr.,
668 462 772 538 quem
796 443 1011 518 damnavit·
1039 437 1236 514 Desuutiui
1260 437 1315 514 est
1333 461 1366 514 a.
1392 447 1498 533 853.

149 539 155 548 '
262 537 380 610 Multa
405 533 544 630 reliquit
565 537 713 632 scripta,
737 539 929 634 praecipue
946 539 983 612 in
1001 535 1132 630 Script
1160 535 1219 626 S.,
1243 555 1395 632 quorum
1421 537 1501 609 ali·

265 653 331 727 que
352 628 543 727 supersunt.
590 633 755 726 Sequitur
783 635 899 729 paffim
925 635 1204 728 Hieronymum,
1232 651 1269 705 et
1291 629 1505 704 litteralem

261 729 410 834 seclatur
434 726 612 838 sensum..
627 727 745 837 Eustat
760 733 865 803 ctiam
887 727 1052 838 historiae
1076 726 1208 800 Eccles.
1234 724 1500 814 breviarium,

263 841 302 895 ct
325 821 385 918 ipsi
404 846 544 932 quoque
569 824 840 934 ,tribuiturliber
856 825 894 897 de
918 847 1043 922 corpore
1060 819 1268 935 etsangiiine
1282 819 1453 911 Domini,
1478 843 1504 896 a

263 919 448 992 Dacherio
463 943 500 990 in
517 920 682 1016 spicileg.
695 919 808 993 editus
827 938 918 995 tom.
932 924 961 996 l.
1012 919 1132 994 Habet
1147 917 1330 1006 nonnulla,
1357 935 1505 990 notatu

97 1109 110 1134 Ι
263 1013 389 1108 digna,
421 1038 568 1109 quorum
594 1015 706 1112 aliqua
728 1013 869 1088 strictim
894 1017 1083 1113 proseram.
1131 1011 1318 1086 Passionem
1346 1011 1503 1086 Christi

267 1132 300 1186 1.
326 1129 363 1182 et
381 1109 639 1198 obedientiam,
664 1110 845 1201 omnihus,
871 1113 977 1186 modo
995 1111 1158 1198 credant,
1184 1105 1301 1181 statuit
1320 1104 1504 1182 sufficere

265 1205 307 1280 ad
332 1203 440 1278 vitam
465 1225 640 1280 aeternam
658 1205 700 1279 ad
719 1205 812 1282 Heb.
838 1207 886 1282 V:
912 1230 970 1298 9.,
996 1225 1034 1280 et
1050 1203 1131 1278 alibi
1157 1201 1193 1276 in
1220 1201 1403 1292 homiliis,
1436 1206 1502 1280 uti

294 1356 303 1375 .
332 1323 414 1393 207.
439 1321 493 1394 pro
517 1305 660 1374 omuibus
685 1299 853 1396 ffusuie
909 1303 1036 1397 christi,
1041 1299 1203 1397 sanguis,
1220 1297 1282 1394 sed
1304 1323 1369 1373 iiim
1386 1305 1508 1374 omni·

263 1323 328 1474 hiis
353 1395 496 1490 prodest,
511 1395 577 1488 sed
599 1397 665 1467 illis
680 1397 832 1488 loluinmn
880 1454 891 1489 ,
914 1405 967 1494 qui
983 1402 1114 1472 tradunt
1132 1401 1166 1468 in
1178 1391 1499 1492 pofflonemsiram.

262 1487 290 1564 '2
317 1490 470 1565 Gratiam
487 1491 558 1562 Dei
575 1510 866 1586 regenerantem,
892 1495 1185 1580 sanitificantem,
1209 1509 1246 1564 et
1265 1491 1503 1586 salvantem,

267 1585 398 1681 ubique
425 1583 566 1657 fortiter
590 1586 727 1662 adserit.
754 1589 813 1662 Sic
828 1589 1019 1666 comment.
1045 1589 1087 1662 ad
1109 1610 1133 1660 1.
1146 1589 1227 1661 Cor.
1252 1586 1335 1659 xii.
1389 1587 1505 1664 Deus

269 1695 419 1780 opinatur
443 1683 549 1753 omnin
571 1684 604 1754 iri
628 1684 791 1772 omnibus,
819 1689 935 1781 quibui
960 1688 1066 1761 verbis
1092 1683 1217 1754 tollitur
1230 1683 1374 1757 humanu
1391 1687 1505 1759 adro-

267 1780 411 1871 gantia,
445 1797 516 1849 rum
535 1771 608 1870 stne
629 1779 754 1874 Spiritu
777 1781 813 1853 S.
839 1805 896 1855 nec
922 1805 1065 1878 magna,
1097 1801 1155 1851 iric
1173 1779 1329 1867 minima,
1356 1785 1503 1872 operari

264 1867 362 1968 poffir
386 1867 493 1966 nullia
506 1871 712 1968 fragilitas,
751 1875 867 1950 rursus
891 1877 932 1950 ad
959 1879 1080 1950 aCor.
1105 1874 1169 1945 lll.
1195 1896 1256 1945 irari
1276 1871 1390 1970 solum
1426 1901 1501 1952 mort

270 1971 414 2044 iuremus
440 1972 552 2042 bonum
577 1972 703 2066 aliquod
748 1971 877 2068 erficere
896 1969 970 2066 fine
994 1971 1063 2044 Dei
1085 1966 1303 2065 misericordia
1333 1986 1368 2042 er
1400 1995 1507 2066 gro-

270 2069 324 2140 ria
358 2067 565 2160 praecedente
598 2086 629 2140 er
649 2066 876 2160 subraucum,
903 2066 971 2165 sed
998 2090 1057 2141 nec
1096 2068 1250 2161 cogitare.
1299 2063 1369 2138 Dei
1400 2072 1504 2144 cirini

270 2165 386 2260 gratia
414 2184 471 2236 rior
493 2165 659 2254 praevenit
682 2179 718 2232 ur
742 2163 895 2253 velimus,
937 2179 970 2237 er
998 2159 1070 2260 ipsa
1098 2183 1154 2234 iras
1168 2153 1406 2254 subsequitur,
1454 2181 1500 2237 iit

267 2253 431 2357 pofflmus.
472 2257 531 2331 Sic
555 2275 591 2331 et
614 2256 723 2331 fidem
744 2279 763 2330 a
788 2258 871 2332 Deo
893 2255 987 2346 dari,
1026 2273 1063 2334 et
1086 2277 1159 2330 non
1182 2252 1253 2330 else
1275 2278 1321 2330 ex
1357 2257 1502 2362 nobis,

272 2361 314 2429 ad
341 2353 458 2427 1Cor.
486 2353 565 2428 Xll.
614 2351 778 2450 Denique
800 2350 838 2426 iri
863 2351 1016 2428 homiliis
1040 2352 1214 2441 declarat,
1247 2351 1331 2423 niliil
1352 2353 1394 2426 di
1420 2378 1501 2429 ine.

272 2445 779 2620 illinistliei'lislm‘lli'i.
793 2445 1343 2638 inlisisinlisis:
1370 2451 1500 2620 ihs·

417 2595 427 2630 i
631 2583 648 2624 Ι

265 2638 329 2738 sed
358 2651 417 2728 pir
438 2635 619 2732 gratuitum
651 2635 720 2712 Dei
750 2637 1007 2736 misericordiam.
1069 2659 1103 2732 3.
1134 2637 1272 2714 Parvuli
1298 2655 1356 2730 per
1379 2601 1502 2737 fideii:

270 2747 463 2832 partarum,
495 2733 547 2806 rel
568 2756 692 2823 rorum,
706 2759 746 2836 ¹u
764 2737 878 2830 quibui
899 2735 1144 2833 suscipiuntur,
1183 2737 1216 2808 iii
1236 2731 1335 2829 sucro
1358 2735 1505 2833 baptis·

273 2835 381 2919 mire,
405 2826 522 2924 inquit
544 2829 662 2906 homil.
687 2853 721 2923 p·
749 2837 831 2920 278,
859 2853 962 2927 313„
984 2828 1118 2925 saliari
1144 2831 1333 2920 creduntur,
1354 2829 1409 2900 ira
1429 2848 1502 2908 ta·

274 2948 364 3014 men,
388 2940 447 3014 iir,
472 2947 544 2999 cuni
567 2927 611 3008 nd
635 2927 867 3020 intelligibilem
891 2942 1033 3002 acturam
1054 2929 1276 3020 pervenerint,
1299 2945 1355 3002 rim
1371 2921 1502 3016 silum

120 3099 142 3120 x
254 3025 476 3109 doceantur,
508 3022 583 3113 quid
613 3023 646 3093 iii
670 3023 761 3094 cordi
784 3023 921 3096 debeant
947 3023 1092 3109 credine,
1121 3019 1307 3117 siderium
1335 3020 1412 3114 quid
1451 3029 1501 3100 im

240 3159 244 3166 ·
281 3135 373 3209 opere
386 3118 532 3209 struant.
583 3115 641 3190 De
674 3116 751 3190 aliia
777 3117 851 3222 ejua
883 3115 1104 3214 dogmatibus
1135 3113 1257 3212 postea
1292 3113 1355 3190 suo
1387 3115 1503 3198 loco.

277 3211 354 3287 Hic
377 3211 480 3286 addo.
530 3231 565 3302 4.
596 3209 712 3306 Ipsum
744 3235 808 3310 per
840 3213 971 3288 Petram
1006 3212 1113 3286 Mart.
1146 3209 1250 3287 XVl.
1285 3208 1504 3310 intelligere

275 3303 470 3394 Christum,
495 3320 532 3376 et
558 3305 663 3382 fldem
686 3310 722 3382 io
748 3331 847 3397 eum3
876 3328 915 3382 et
937 3306 1019 3383 alibi
1042 3307 1079 3380 in
1107 3303 1227 3386 homil.
1252 3330 1287 3403 p.
1311 3327 1398 3396 440.
1428 3333 1503 3387 noir

273 3405 449 3569 utinm
459 3397 549 3589 ih}
583 3400 928 3591 lllli‘lillhaslil
943 3399 1503 3596 lisidlsth‘lslln‘s‘

275 3495 470 3680 iiflci³inshno
498 3575 607 3668 omnir*
627 3594 816 3688 audierunt,
852 3593 1049 3700 quidcunque
1079 3553 1274 3792 lighrrri'rir5
1286 3556 1505 3766 etccbcm’
