3104 4814
146 638 219 733 438
527 621 678 725 Historia
700 617 827 723 Etties.
854 620 971 725 cirrum

152 813 260 901 urbe,
284 819 323 878 et
343 800 542 902 Agrippina
567 803 736 895 Colonia,
762 805 886 881 nullum
909 802 993 899 eligi
1002 804 1179 901 patiatur,
1201 818 1364 911 messan

154 910 290 984 relatum
308 898 618 997 superincensio
650 900 869 995 Apostolotoi·
879 903 960 1000 fiat.
1010 900 1208 1003 Episcopus
1241 910 1366 988 Galliae

154 1010 196 1076 ab
227 1002 375 1073 ornnibus
400 1000 620 1093 juramentis,
661 1015 693 1069 et
728 998 940 1095 cujuscunque
973 1001 1057 1070 modi
1095 1004 1364 1101 obligationibus,
1411 1036 1413 1041 ·

152 1095 339 1195 antiosilii
356 1094 429 1188 sese
454 1095 557 1166 condi
581 1092 736 1166 uiolentia
759 1099 915 1188 inpiorum
941 1095 1181 1190 obligaverunt,
1205 1100 1251 1199 se
1273 1100 1368 1199 arsut

152 1218 245 1283 rere,
276 1188 432 1262 declarat.
483 1186 648 1285 Denique
671 1189 708 1262 in
733 1188 887 1285 responfis
911 1193 956 1264 ad
976 1188 1121 1288 consulto
1143 1196 1367 1295 Bulgarorurn

151 1313 229 1385 cap.
257 1293 337 1363 108.
361 1285 466 1359 dicit:
500 1288 615 1358 beatus
641 1284 779 1373 Petrus,
802 1292 855 1380 qui
879 1284 1003 1385 insede
1015 1294 1084 1383 juo
1105 1292 1191 1365 vivit
1206 1292 1369 1391 etpraefi·

154 1389 227 1472 dat,
259 1385 316 1453 tat
368 1387 575 1456 onerantibus
595 1381 679 1475 fiiri
706 1384 902 1470 veritatem,
936 1406 1011 1458 nom
1033 1401 1066 1458 et
1077 1382 1201 1479 santio
1225 1388 1371 1465 Rarum

154 1476 303 1569 Ecciefio
326 1403 455 1573 simper
468 1476 543 1570 stne
573 1478 703 1550 maula
726 1475 803 1571 fuit
827 1496 860 1552 et
897 1502 993 1575 tuga.
1052 1480 1371 1582 Metropolitanum

156 1600 241 1654 ante
273 1570 363 1671 pallii
391 1573 615 1670 adeptionem
647 1575 809 1669 aPapa,
849 1595 922 1650 non
956 1572 1054 1670 poffe
1086 1599 1257 1676 peragere
1289 1588 1371 1682 quae

155 1676 310 1749 muneris
336 1669 411 1742 sunt
446 1669 785 1764 Archiepiscopairt,
820 1670 874 1741 vei
902 1669 1071 1761 instituit,
1105 1678 1161 1748 vei
1185 1678 1226 1750 in
1251 1682 1370 1774 praxiir
1410 1736 1413 1741 -

155 1768 373 1848 introduxit,
408 1787 476 1861 quo
509 1763 660 1858 potestas
694 1763 826 1858 Prpaiis
860 1765 958 1838 valde
991 1766 1041 1839 est
1070 1790 1256 1862 promota,
1291 1775 1373 1849 ncur

158 1890 195 1942 et
221 1886 282 1960 per
304 1861 408 1948 iura,
437 1860 529 1954 quod
554 1861 597 1930 ab
628 1859 703 1951 ipso
732 1859 881 1933 instituti
913 1860 977 1933 sint
1006 1865 1129 1957 Legati
1153 1864 1242 1964 miffi
1267 1869 1372 1967 Papo}

156 1989 247 2048 tum,
280 1959 399 2054 quibus
426 1975 524 2026 certa
548 1952 734 2049 provincia
758 1978 839 2029 cum
868 1955 1111 2050 jurisditirone
1146 1968 1294 2040 nornine
1314 1968 1372 2040 Pa&

158 2081 223 2157 pne
251 2048 429 2125 commiiia
457 2047 518 2121 est.
571 2048 730 2146 Quorum
756 2058 929 2145 rapacitas
955 2071 992 2124 et
1026 2059 1184 2152 tyrannia
1206 2056 1373 2157 produxit

157 2144 339 2250 progreffu
366 2143 536 2240 temporis
560 2143 702 2239 Legatos
727 2162 841 2235 natos,
868 2147 915 2219 fic
937 2146 1069 2239 ditior,
1103 2154 1163 2247 qui
1188 2157 1374 2255 legationi!

157 2254 306 2344 spartam
336 2262 509 2336 perpetuo
537 2240 637 2333 jure,
679 2238 799 2313 officio
830 2242 1129 2341 archiepiscopati
1163 2266 1376 2346 conuentu,

158 2344 310 2425 habent,
344 2355 382 2408 ut
409 2334 454 2406 iic
479 2336 581 2429 legati
603 2332 684 2432 rrn'ffl
709 2338 946 2413 excludantur.
998 2341 1081 2416 Vid.
1107 2345 1282 2422 Boehnrer
1301 2350 1372 2447 Jur.

157 2435 290 2514 Eccles.
316 2431 373 2506 lib.
400 2431 429 2503 Ι.
456 2431 511 2506 tit.
538 2454 596 2526 30.
648 2430 820 2506 Lothario
854 2434 1086 2511 comminatus
1117 2438 1169 2512 est
1203 2465 1274 2519 non
1302 2466 1374 2518 tan·

160 2556 235 2610 tum
275 2524 697 2615 excommunicationem,
739 2527 798 2602 sed
831 2546 867 2601 et
898 2530 1175 2628 depofitionem,
1215 2537 1252 2614 in
1282 2538 1375 2639 epist.

159 2634 203 2706 ad
243 2628 363 2725 ipsum.
426 2622 576 2730 Quidi
603 2623 694 2716 quod
735 2621 775 2697 in
808 2621 909 2733 epist.
951 2629 1061 2724 aliqua
1101 2633 1144 2703 ad
1184 2633 1317 2731 upitco
1369 2716 1374 2725 ,

81 2791 89 2819 ,
164 2726 320 2812 Galliae,
345 2719 501 2792 refutans
528 2714 711 2797 Hrncmari
734 2737 773 2791 et
799 2717 973 2794 sociorum
992 2724 1219 2821 sententiam,
1244 2658 1376 2833 Epiioe

163 2828 211 2899 las
234 2818 425 2894 decretales
449 2813 685 2904 Pontificum,
718 2813 861 2909 quaein
885 2818 1009 2893 codice
1034 2842 1204 2898 canonum
1232 2850 1305 2903 nnn
1326 2852 1378 2905 re·

161 2918 360 3017 periunrur,
390 2910 432 2981 ad
467 2931 550 3004 quaa
585 2911 674 3005 Papa
696 2913 737 2981 ad
772 2912 992 2986 autoritatem
1018 2917 1110 2989 suam
1143 2917 1380 3001 stabiliendam

161 3022 437 3111 provocaverat,
461 3001 649 3080 autoritate
673 3026 812 3094 carere,
837 3008 995 3081 adserere
1011 3032 1082 3084 non
1100 3012 1208 3089 fuerit
1226 3019 1377 3117 veritur,

162 3109 274 3184 libros
298 3100 348 3177 V.
382 3119 419 3173 et
452 3096 504 3172 N.
539 3095 636 3173 Test.
669 3098 895 3176 autoritatem
930 3104 1021 3178 suam
1058 3108 1237 3189 haberea
1270 3117 1379 3217 Papae

164 3193 366 3279 Innocentii
392 3197 561 3275 decreto,
593 3194 678 3267 licet
702 3193 739 3266 in
766 3192 894 3269 Codice
920 3222 1095 3276 canonum
1125 3229 1196 3281 non
1230 3204 1378 3292 exstent}

100 3366 105 3377 ,
163 3297 244 3394 lpse
271 3294 378 3367 etiam
410 3293 448 3365 in
481 3286 582 3386 epist.
604 3290 647 3362 ad
678 3288 838 3362 Carnium
871 3295 1014 3369 Calvum
1056 3297 1223 3376 librorum
1259 3310 1380 3407 adpro·

163 3390 347 3471 bationem
374 3386 437 3462 libi
466 3386 644 3474 vindicat,
668 3401 841 3483 quatenus,
865 3387 993 3484 inquit,
1019 3394 1093 3469 dum
1118 3422 1140 3470 a
1165 3398 1270 3496 nostri
1283 3402 1381 3503 Aprfi

165 3492 287 3566 colatur
319 3487 443 3580 judicio
478 3481 583 3571 fuerit
610 3482 819 3574 adprobatum
853 3503 929 3577 opus
961 3491 1105 3582 aliquod,
1154 3501 1199 3569 ob
1240 3504 1382 3583 omnri'rt't

162 3585 387 3661 {aconitum
411 3576 519 3675 'wstm
540 3583 715 3689 autoritate
739 3586 899 3674 acceptius
922 3581 1092 3696 habeatur.
1142 3590 1276 3670 Libros
1295 3606 1381 3711 uara

161 3679 349 3782 profanos,
376 3694 505 3771 utpote
529 3690 653 3748 noxios
670 3693 708 3748 et
725 3674 959 3768 blasphemos,
995 3703 1068 3776 rgnr
1093 3685 1169 3758 vult
1199 3691 1378 3771 tradam

165 3800 243 3944 αἶ.
272 3793 352 3865 103.
383 3769 535 3862 respons.
561 3771 605 3844 ad
635 3771 789 3844 consuita
824 3775 1061 3867 Buigatorum.
1121 3783 1291 3864 Ceteram
1322 3787 1376 3865 hie

162 3880 236 3970 ine
261 3869 354 3964 Papa
377 3863 415 3937 in
438 3865 554 3939 collat.
581 3867 675 3939 inter
699 3866 809 3957 ipsum
832 3886 871 3938 et
893 3871 1027 3965 legatos
1062 3875 1197 3973 Synodi
1227 3883 1378 3963 Franco·

67 3993 75 4018 r
165 3968 256 4088 f9fd,
274 3982 365 4140 guae
392 3977 477 4032 torn.
503 3960 550 4031 Π.
574 3959 704 4070 concii.
732 3957 819 4031 Gaii.
846 3961 1043 4085 sirmondi,
1076 3991 1112 4084 et
1136 3974 1245 4091 alibi,
1281 3974 1384 4087 repe-f

164 4091 255 4151 rrtur
311 4056 376 4137 iius
390 4052 462 4150 est,
475 4052 517 4154 se
534 4053 670 4152 syrois
683 4075 748 4128 non
765 4055 952 4155 pransuro,
978 4088 1018 4138 ne
1032 4070 1386 4262 oardffcocegrgghi
