3146 4458
195 77 217 120 ‚
459 85 464 95 ,

385 213 392 226 “
461 215 481 289 ,Γ
537 137 831 286 ,ζδιΜιῚὶῇ
885 215 892 248 ²
1199 171 1298 310 xopos
1422 207 1426 216 ’

137 365 166 469 i.
188 365 283 456 CCC.
312 375 491 458 snceeut
519 380 684 481 princeps
705 379 912 480 scriptorum
946 379 1048 482 huju
1070 381 1177 460 seculi
1202 384 1297 462 inter
1369 392 1380 406 '

100 465 233 581 Graecos
254 476 411 567 Plotius,
450 476 506 552 vir
530 478 623 556 haud
646 501 716 554 uno
731 478 879 554 nomine
894 479 1169 573 celeberrimus,
1189 483 1293 580 quip-

97 586 135 671 pe
149 567 253 671 ⁸variis
275 571 452 650 exercituo
473 573 574 666 satit,
606 593 709 649 autor
733 575 962 672 egregiorum
984 573 1217 674 scriptorum,
1252 597 1291 653 et

97 659 267 742 reumatis
288 691 427 765 quoque
449 669 544 746 inter
568 670 722 746 Graecos
743 690 783 744 et
806 671 969 748 Latinos.
1011 671 1068 746 Ex
1093 671 1211 750 illustri
1228 696 1292 772 ge·

95 775 167 828 lere
190 765 512 842 uacuoPatriatcha
535 767 638 842 CPol.
663 767 709 842 de
732 767 825 842 laico
857 765 970 844 uum
1003 765 1076 855 est,
1116 787 1155 842 ut
1188 789 1292 846 antee

95 849 327 958 Nicephorum
350 877 425 936 erat
448 864 543 938 caint
570 859 867 958 protospatharius,
892 863 952 936 seu
977 861 1175 970 praesedlus
1190 863 1290 940 satel-

94 947 202 1041 litum,
255 973 294 1030 et
320 955 605 1048 protosecretarius
637 981 677 1032 ac
711 961 858 1034 Senatus
888 955 1067 1033 CPolrtani
1108 958 1290 1058 Princeps.

91 1041 214 1122 Eleilus
234 1069 353 1124 autem
379 1049 431 1126 est
450 1053 649 1128 Patriarcha
671 1076 702 1130 a.
729 1061 811 1148 857.
837 1053 1017 1128 inlocum
1045 1055 1199 1149 Ignatii,
1231 1055 1290 1154 qui

91 1143 244 1250 aUllarda,
270 1147 443 1222 avunculo
462 1147 698 1246 inperatoris,
722 1168 760 1223 et
776 1150 1003 1244 Curopalata,
1028 1147 1087 1222 seu
1101 1152 1197 1226 aulae
1216 1175 1289 1228 ma·

91 1235 199 1332 grllro,
238 1240 381 1316 coactns
410 1241 479 1318 suit
503 1247 538 1320 se
561 1245 737 1320 abdicare.
784 1243 958 1318 Inciderat
984 1243 1081 1317 enirn
1112 1245 1290 1342 ignatius,

91 1333 262 1428 Michaelis
288 1340 516 1436 Curopalatac
546 1341 662 1428 filius,
702 1359 741 1416 et
765 1337 950 1414 Methodii
976 1336 1013 1412 in
1048 1339 1289 1420 Patriarchatu

87 1428 361 1518 CPol.,succellor
379 1459 409 1510 a
429 1443 533 1530 847„
558 1435 595 1510 in
617 1435 738 1510 odium
760 1435 912 1526 Bardae,
942 1434 1024 1532 quia
1041 1433 1154 1534 ipsum
1171 1438 1216 1510 ob
1234 1439 1287 1512 in·

89 1523 201 1602 tellum
222 1551 400 1620 amorem,
434 1552 472 1608 et
496 1531 786 1608 consuetudinem
810 1553 890 1606 cum
913 1552 1020 1621 nuru,
1051 1529 1288 1630 reprehende·

86 1640 146 1712 nt,
184 1640 241 1715 et,
286 1627 440 1700 eumad
476 1625 715 1704 eucharistiam
745 1629 853 1702 vellet
889 1627 1080 1719 accedere,
1117 1649 1288 1706 arcuerat.

87 1719 152 1818 Quo
172 1723 400 1797 exacerbatur
422 1723 565 1811 Budas,
597 1721 742 1797 consilio
764 1746 842 1798 cum
870 1723 1067 1820 Gregorio,
1102 1724 1285 1821 Syracusa·

86 1835 148 1887 rum
167 1815 367 1914 Episcopo,
408 1843 510 1914 quem
536 1819 690 1917 ignatius
712 1821 854 1912 a.'854.
879 1839 1026 1892 munere
1056 1819 1285 1914 deposuerat,

101 1911 254 2011 Episcopi
291 1910 387 1988 enirn
423 1914 564 1990 Siciliae
595 1939 615 1990 a
645 1935 806 2010 tempore
845 1909 974 1988 Leonis
1004 1913 1112 1990 Isauri
1143 1915 1286 1994 fuerant

96 2009 143 2081 edi
163 2005 368 2082 CPoliraoae
391 2005 556 2107 subjedli)
591 2009 704 2102 inito,
752 2011 770 2080 1
796 2007 949 2097 natium,
983 2024 1144 2118 tauquam
1175 2010 1287 2088 laesae

84 2101 268 2200 Majellatis
293 2123 413 2196 reutn,
446 2105 622 2198 damnari,
662 2125 701 2180 et
725 2033 806 2180 sede
832 2103 964 2200 pulsum
989 2125 1028 2176 ιιι
1052 2104 1207 2190 ειιιΙιιιιιι
1222 2105 1286 2190 de,-
1361 2179 1366 2188 ,

79 2199 195 2299 portari
217 2217 404 2276 curaverat
431 2223 462 2278 a.
489 2211 570 2296 817.
622 2199 767 2276 Crimen
788 2219 906 2276 autem
932 2196 1049 2274 illudi
1078 2197 1121 2289 st,
1147 2216 1187 2272 ut
1212 2199 1284 2274 Ni·
1421 2261 1429 2278 .

79 2315 157 2372 cetos
175 2301 207 2371 in
238 2299 310 2372 uita
333 2299 467 2392 Ignatii
486 2302 617 2388 refert,
641 2296 820 2393 inpactum
843 2295 915 2387 est,
940 2293 1037 2390 quod
1079 2293 1282 2403 ,neodomm

79 2411 207 2470 matrem
238 2391 452 2490 Inperatoris
474 2416 554 2471 cnm
576 2393 664 2468 Filia
689 2392 856 2479 tondere,
879 2413 921 2466 ac
942 2388 1135 2464 monastico
1159 2411 1284 2466 ornare

80 2489 198 2582 habitu,
233 2489 329 2586 quod
351 2487 447 2564 idem
470 2509 546 2567 erat
577 2511 619 2565 ac
647 2509 758 2657 repon
781 2483 943 2580 privare,
976 2485 1020 2558 ad
1046 2486 1281 2593 inperatoris,

84 2584 234 2662 suadente
257 2586 386 2675 Barda,
414 2587 565 2683 julium,
603 2605 687 2662 recu
702 2581 836 2676 averit3
875 2581 942 2658 aeli
967 2604 1012 2656 eo
1034 2577 1279 2678 significasset,

82 2679 112 2752 se
133 2680 340 2780 inperatoris
374 2703 529 2771 necem,
578 2699 616 2754 et
648 2681 751 2756 matti
786 2679 861 2775 ejus
902 2675 1066 2754 maritum
1104 2699 1280 2774 quaerere.

81 2773 155 2852 vid.
187 2780 296 2852 eriam
330 2777 524 2852 Anastafius
558 2776 721 2851 Biblioth.
756 2773 794 2850 in
827 2771 972 2850 historia
1004 2773 1138 2882 synodi
1175 2775 1279 2853 Vlll.

81 2873 240 2950 Suffenus
264 2895 349 2948 mox
372 2874 408 2949 ei
431 2873 483 2949 est
507 2874 652 2947 Photius
675 2874 712 2947 in
737 2871 906 2966 Synodo,
931 2868 1052 2942 habita
1071 2869 1109 2942 in
1125 2870 1278 2965 palatin,

81 2971 163 3063 cnjus
184 2968 350 3046 meminit
376 2993 479 3046 autor
502 2972 605 3043 libelli
629 2969 797 3059 Synodirr',
825 2988 862 3038 et
886 2989 905 3039 a
931 2964 1109 3060 Gregorio
1131 2965 1189 3040 illo
1212 2971 1280 3066 sy·

81 3066 227 3147 racusano
254 3066 443 3142 ordinatus.
490 3067 622 3142 Narrat
639 3064 775 3162 quidem
800 3063 951 3138 Niceros
966 3059 1155 3168 locucio„
1188 3063 1279 3136 Pho·

88 3155 161 3234 tinm
178 3186 261 3240 mox
286 3162 324 3234 in
349 3162 544 3256 ignatium,
567 3161 707 3258 ejusque
733 3157 939 3248 familiares,
966 3156 1098 3230 saevire
1123 3155 1277 3253 incepis-

80 3252 131 3343 se,
153 3281 193 3330 eo
215 3258 345 3356 scopo,
372 3277 412 3337 ut
436 3259 591 3342 libellum
614 3254 843 3334 abdicationis
867 3271 1093 3359 extorqueret
1116 3255 1276 3348 Ignati03

76 3347 129 3424 sed
153 3354 294 3428 Photiut
318 3349 387 3428 fuir
411 3353 449 3430 in
472 3351 587 3428 sedem
610 3351 740 3426 invitus
762 3347 922 3436 evellas,
955 3367 995 3422 ut
1018 3349 1151 3442 ipsein
1177 3349 1276 3446 epist.

77 3447 114 3522 ad
138 3449 350 3524 Hadrianum
374 3451 521 3546 Papam,
547 3469 585 3524 et
607 3447 743 3548 privata
769 3446 811 3520 ad
829 3446 970 3520 Bardam
989 3441 1090 3540 epist.
1119 3445 1186 3519 Vl.
1212 3445 1278 3520 tes·

78 3557 179 3650 tatur,
202 3568 271 3622 nec
286 3545 372 3642 ipn,
397 3545 455 3622 sed
474 3545 622 3640 Bardae,
645 3543 873 3642 inputandutn
889 3539 938 3620 est
954 3541 1086 3620 lacinus
1104 3539 1142 3614 in
1172 3541 1277 3635 lgna·

76 3651 159 3716 ιιιιιιι
178 3659 217 3718 et
239 3639 449 3742 tgnarianor.

645 3731 696 3807 δι’
715 3759 736 3831 3
1100 3725 1134 3824 l
1159 3671 1276 3816 CCCl,
1377 3743 1390 3772 ⁸
1414 3733 1417 3740 ’
