3096 4462
434 195 438 204 ⁵
559 207 664 290 Secti.
686 209 756 292 IX.
1194 239 1269 316 451

56 392 212 488 invasore,
243 413 313 474 eon
362 389 516 490 orendo,
546 409 623 468 turn
635 391 763 562 (pauori,
788 413 869 470 cnm
896 390 1090 472 Pauliacnm
1117 339 1259 490 villam,

56 496 186 593 aliasque
208 493 312 568 Eccle
358 490 484 603 ⁸esune
511 511 594 602 tes,
702 489 761 563 olo
792 490 1005 584 donaverat,
1045 493 1084 566 in
1152 493 1259 570 acient

57 587 237 668 Normenni
263 591 437 679 Comrtrr,
463 608 522 662 tur
548 585 631 660 Rex
656 583 753 660 dono
777 585 941 680 dederat,
965 610 1021 664 ear
1037 611 1085 686 po
1114 589 1261 668 ellionec

57 685 167 784 injuste
189 703 381 796 repeteret:
430 681 536 785 Quod
559 703 640 757 curn
668 680 842 758 recusaret
864 683 1115 795 Normanuun,
1149 710 1169 761 e
1194 685 1259 763 Pa·

56 784 219 970 ursi
234 779 498 968 tulitin:
511 777 1258 989 interimerentur

688 373 693 380 e

57 971 227 1050 Rhemenli
245 972 460 1072 injungitur,
483 970 766 1047 uthormannos
782 991 1115 1050 excommunicaret.
1149 973 1258 1074 Quod
1380 1020 1385 1024 -
1528 1075 1529 1086 ἵ

57 1095 123 1146 cum
151 1069 360 1146 detretlaret
398 1087 566 1167 patruus,
605 1065 680 1164 ipse
718 1064 868 1162 junior,
908 1083 1114 1144 armatorum
1151 1091 1259 1147 manu

58 1167 203 1264 stipatur,
237 1167 277 1240 in
304 1164 452 1254 domurn,
472 1161 673 1240 Norrnanni
699 1161 821 1255 irruit,
855 1167 972 1240 omnia
998 1163 1167 1260 diripuit,
1201 1165 1258 1264 ip·

60 1264 117 1336 lum
141 1263 295 1361 expulit,
328 1282 367 1335 et
391 1261 427 1334 in
452 1261 547 1334 bone
575 1260 650 1357 ejus
680 1279 802 1332 manus
823 1259 960 1356 injecit.
1012 1260 1114 1360 Qpae
1137 1257 1258 1340 omittit

58 1357 199 1434 constent
223 1379 270 1431 ex
292 1355 435 1454 Synodo
460 1351 691 1442 Duziacensi‚
718 1353 861 1453 ejusque
892 1355 1039 1456 epistola
1060 1357 1260 1453 synodica,

60 1476 89 1528 et
108 1455 206 1552 ipfiur
223 1451 397 1528 Hadriani
417 1473 494 1543 rr.,
519 1473 560 1524 ae
577 1448 765 1526 Hincrunri
783 1450 914 1528 Rhem.
932 1477 951 1548 3
954 1475 990 1546 5.
1038 1451 1145 1552 Quod
1161 1455 1260 1530 idem

60 1551 171 1626 lacinus
196 1547 373 1626 commisit
399 1547 436 1622 in
461 1545 727 1636 Amalberturn,
760 1546 937 1623 beneficio
962 1547 1028 1645 ipsr
1051 1545 1170 1624 viere
1197 1569 1259 1644 to,

61 1666 91 1720 et
107 1645 177 1745 ipso
198 1666 333 1722 armata
354 1664 458 1718 manu
482 1642 645 1736 expulso,
677 1640 774 1729 imo,
803 1641 889 1718 licet
920 1669 966 1720 ex
989 1572 1194 1722 Rhem'enirP
1206 1647 1261 1724 es·

60 1743 101 1814 set
121 1743 289 1830 dioecesr,
314 1743 644 1814 excommunicato:
670 1753 708 1812 ut
723 1737 940 1816 Hinemarus
955 1741 1065 1816 refert
1089 1741 1129 1816 in
1154 1747 1260 1914 opus·

62 1839 124 1911 culo
146 1861 192 1930 55
217 1837 365 1933 capitum
398 1857 437 1908 ca
464 1889 473 1909 .
501 1857 534 1910 n.
566 1831 704 1910 Saeviit
722 1833 874 1930 denique
898 1834 936 1910 in
960 1835 1129 1934 proprior
1149 1839 1258 1918 Ceri.

61 1954 126 2026 cor,
148 1958 233 2044 quon
258 1932 331 2040 fine
356 1859 572 2006 conliniare
598 1949 658 2006 aut
678 1929 904 2006 conviiiioue
926 1929 1109 2028 deposuit,
1142 1954 1179 2009 et
1198 1959 1264 2026 ex,

60 2047 323 2104 communicavit.

99 2123 125 2223 l.
148 2117 367 2202 CCCCXIX.
399 2119 501 2196 Hinc
523 2119 615 2196 varii
639 2118 717 2196 sunt
740 2114 894 2196 suscitati
919 2137 1048 2198 motus.
1079 2121 1263 2222 clericos,

80 2225 189 2298 uerelar
204 2221 282 2297 snas
304 2217 347 2294 ad
370 2218 603 2292 Hincmarum
618 2215 770 2304 Rhem.,
795 2215 1109 2314 Metropolitanum
1136 2219 1257 2318 suum,

60 2240 259 2409 leserenres,
281 2312 519 2390 communioni
529 2311 681 2388 resumit
691 2310 862 2401 restituit,
879 2332 917 2387 et
925 2315 961 2386 in
971 2333 1142 2424 nepotem
1155 2318 1256 2397 suurn

61 2417 267 2490 exacerbatus
283 2409 335 2484 est
349 2407 573 2498 Rhernenfis‚
599 2424 638 2482 nt
662 2429 709 2482 ex
725 2407 879 2505 opusculi
903 2405 1029 2484 lnudotr
1055 2431 1132 2509 cap.
1153 2419 1258 2493 28-

60 2531 154 2604 patet:
192 2509 343 2584 irritatus
375 2528 514 2602 quoque
544 2505 626 2579 Rex
657 2501 709 2578 est
732 2505 857 2578 acerbe
888 2502 925 2578 in
960 2503 1254 2604 Lauduueusemc

58 2605 102 2680 sed
122 2606 176 2704 qui
202 2609 238 2680 se
265 2599 438 2677 obstinate
463 2599 645 2698 opposuit,
677 2617 716 2673 et
739 2599 853 2696 Regi,
880 2625 984 2698 quem
990 2656 1007 2712 7
1032 2624 1114 2676 curn
1138 2607 1259 2686 multic

57 2701 113 2775 aliis
134 2703 279 2781 aliarum
302 2694 536 2786 dioecesium,
561 2693 898 2778 excommunicavit.
926 2717 963 2770 et
988 2697 1053 2794 npsr
1077 2699 1254 2786 Hincm.

59 2819 102 2886 ro,
134 2795 309 2874 avunculo
337 2817 378 2870 ac
410 2789 688 2890 Metropolittno
716 2789 798 2881 suo,
840 2791 941 2888 cujus
970 2792 1193 2873 obedientiae
1217 2801 1256 2877 se

59 2893 233 2971 subtrahere
262 2889 387 2990 voluit.
438 2885 521 2988 Quo
554 2889 593 2962 in
624 2907 739 2964 rerum
765 2885 854 2962 statu
884 2907 1080 2965 convocatu
1112 2889 1164 2968 est
1186 2897 1254 2994 Sy·

60 2991 148 3070 nodus
169 2982 431 3068 Vermerieufis
454 3007 486 3057 a.
512 2987 616 3074 869„
646 2983 706 3058 cui
738 2983 774 3057 se
796 2981 937 3155 flgtidem
960 2980 1053 3058 stitit
1079 2986 1257 3068 Hincma.

61 3105 105 3175 rm
123 3087 265 3184 Junior,
298 3080 377 3173 sed,
408 3102 490 3155 curn
518 3079 564 3154 de
580 3076 678 3155 felici
694 3074 795 3154 succe
826 3105 848 3155 u
871 3077 1090 3178 desperaret,
1109 3083 1165 3163 ,ad
1191 3087 1258 3166 Pa.

61 3179 369 3281 pomprovotavit,
402 3197 471 3251 nec
496 3191 615 3250 tumen
645 3171 826 3251 licentiam
850 3177 1004 3252 Romam
1025 3175 1175 3256 adeundi
1200 3183 1259 3263 in.

61 3280 211 3368 nemvit:
241 3278 292 3368 de
317 3295 386 3372 quo
408 3269 481 3371 ipse
501 3267 553 3346 est
575 3268 798 3368 conquestus.
848 3270 983 3348 Habita
1009 3271 1090 3350 dein
1113 3277 1258 3375 Synodo

59 3375 134 3466 opud
154 3372 375 3462 Attinincum
405 3389 435 3442 r.
461 3375 568 3476 870„
605 3383 689 3442 ante
721 3365 797 3464 eius
828 3365 1076 3466 definitionem
1107 3371 1143 3446 se
1166 3371 1254 3476 iuga

58 3467 233 3604 proripuit,
247 3549 250 3556 ,
265 3487 323 3560 et,
349 3463 447 3540 misso
462 3460 841 3638 ‘’meiol‘'rinyeflinm·
851 3463 1001 3638 adzundi
1019 3467 1174 3544 Romam
1187 3493 1254 3641 pfl:-

57 3567 774 3830 illeii'nieriiiieiiiiiififfiipm
798 3578 1280 3831 iiiuciioiilitfffinl.

76 3818 99 3846 ·r
793 3847 800 3854 Ι
1195 3777 1254 3861 ὃθὶ
1293 3796 1300 3810 ’
