3202 4468
152 185 159 200 ·
276 193 357 286 aaa
675 179 1117 290 ntsrnunccnfl‘cnar.
1181 288 1184 295 Ι

287 359 499 456 Teutonicit
522 355 678 460 partibus
692 365 914 455 Cathusieos,
938 353 1290 466 wirceburgensem,
1314 355 1507 444 nursam}

289 467 382 552 sent,
408 460 724 551 wormatiensem,
752 461 1069 553 Constantiensem,
1085 485 1122 538 et
1138 465 1355 538 Metensem.
1402 488 1432 559 3.
1449 465 1493 536 sn

290 555 434 658 Synudo
458 556 642 652 Mesphiae
667 558 702 631 in
727 559 877 654 Apulia,
900 583 981 634 ann.
1013 569 1138 653 1089„
1164 581 1202 634 et
1220 581 1293 634 nnn
1316 559 1498 658 sequente,

241 671 252 684 “
289 655 487 742 cesebrata,
525 673 565 726 ut
597 674 720 728 contra
748 651 937 730 Batoniusu
970 657 1134 752 probavit
1165 655 1332 732 Ruinart.
1364 660 1401 732 ia
1425 654 1495 728 vita

289 749 447 837 Urbani,
485 771 519 822 a.
545 747 724 847 Rogeriu,
764 752 913 846 Apuliae
945 773 983 826 et
1008 752 1179 829 Calabriae
1204 753 1324 844 Duci,
1364 751 1499 828 tradidit

287 846 457 924 ventum
488 866 568 922 cum
600 853 735 921 nonore
771 849 945 938 Ducatus,
985 848 1042 922 sed
1076 847 1243 943 praestito
1270 850 1384 944 Papae
1411 852 1497 945 jura·
1581 899 1582 928 t

287 964 412 1022 mento
435 941 632 1031 fidelitatis3
658 963 696 1015 ut
712 941 819 1016 refert
836 945 1048 1020 Rumuasdur
1065 943 1300 1019 Sasernitanns
1318 947 1358 1021 in
1376 947 1498 1020 curun.

286 1040 379 1120 inter
396 1037 522 1133 Script.
540 1039 614 1113 stas.
633 1039 820 1113 Muratorii
839 1059 924 1115 tom.
937 1041 1022 1116 Vss.
1047 1047 1079 1116 b.
1094 1042 1239 1138 's'reuga
1255 1043 1327 1115 Dei
1346 1042 1502 1116 omnibus

289 1134 444 1235 injuntia
461 1131 513 1209 est
527 1134 760 1223 observanda,
779 1133 866 1210 teste
882 1137 984 1232 Lupo
1002 1138 1201 1234 Protospata
1215 1136 1253 1210 in
1270 1136 1506 1218 eutonium,

288 1255 380 1312 tom.
397 1232 447 1306 V.
472 1257 501 1306 c.
518 1229 669 1304 sedecim
686 1230 819 1307 conditi
835 1230 908 1304 sunt
925 1253 1074 1308 canones
1086 1232 1133 1308 de
1146 1230 1323 1328 tegimine
1348 1254 1388 1308 et
1401 1232 1503 1308 disci·

289 1335 403 1434 plina,
429 1326 522 1402 inter
537 1349 623 1424 quos
637 1326 706 1417 est,
731 1327 790 1422 qui
805 1325 1027 1402 Investituraa
1041 1329 1193 1403 damnat.
1240 1347 1278 1419 4.
1298 1331 1352 1403 Ut
1368 1331 1403 1404 se
1417 1347 1506 1406 cou··

286 1451 341 1506 tra
366 1421 788 1511 schismaticusmunitet,
812 1423 955 1510 effecit,
981 1446 1019 1498 ut
1035 1423 1247 1512 Mathisdea,
1274 1424 1378 1522 Papia
1395 1425 1498 1500 devo·

285 1525 411 1608 tissima
426 1520 482 1595 isla
499 1517 671 1604 foemina,
696 1520 846 1612 nupserit
861 1519 1055 1616 Weiphoni
1075 1519 1210 1616 juniori
1234 1519 1404 1598 Bavatiae
1428 1522 1506 1594 Du«

287 1621 345 1712 ei,
370 1611 571 1716 quiterroti
597 1613 665 1686 suit
682 1611 927 1690 schismaticis:
955 1636 991 1688 ut
1013 1615 1115 1690 tradit
1131 1617 1313 1691 Bertosdnr
1334 1640 1366 1690 a.
1383 1627 1505 1708 4089:

284 1741 322 1812 5.
347 1715 528 1788 Ctemente
561 1707 775 1806 Anti-papa,
817 1736 880 1810 pet
902 1714 1034 1786 Urbani
1058 1712 1268 1801 absentiam,
1307 1729 1504 1812 occupante·

283 1819 455 1895 Roman,
487 1806 648 1884 Urbanus
673 1806 881 1882 Beneventi·
895 1807 1014 1882 coatia
1032 1808 1178 1909 Synodo
1193 1830 1380 1888 eumcum
1400 1809 1500 1888 sociis
1581 1875 1582 1912 Ν

281 1904 506 1988 mathemate
522 1898 635 1974 rursus
658 1903 842 2000 percussit,
869 1899 955 1978 teste
973 1905 1147 1978 Berrusdo.
1182 1905 1494 1996 *Ceterunrsut‘id
1581 1929 1582 1990 t

280 2007 399 2082 obiter
416 1997 598 2076 observem
608 2038 630 2088 ,.·
650 2000 745 2072 inter
766 2023 937 2089 canones,
962 2002 1021 2097 qui
1049 2002 1085 2074 in
1102 1996 1167 2074 hae
1186 2001 1338 2098 synodo
1361 1999 1505 2098 conditi·

281 2096 596 2184 drcumsetuntur,
628 2095 743 2170 locum
766 2095 891 2184 habet,
914 2097 975 2193 qui
998 2099 1180 2186 omnibus,
1205 2094 1290 2170 vitis
1308 2116 1348 2172 et
1371 2095 1495 2172 toemi·

283 2201 362 2290 nit,
393 2191 538 2270 creticis
560 2211 597 2265 et
626 2189 760 2278 Laicis,
792 2191 962 2289 injungit,
988 2213 1032 2267 ut=
1054 2192 1231 2288 in‘capite
1249 2193 1385 2288 jejunii
1408 2193 1496 2296 Qua·
1581 2205 1582 2276 s

283 2289 500 2392 dragesimae
524 2293 659 2362 ciatrem
674 2283 777 2384 snper
801 2290 913 2384 capita
929 2287 996 2384 sua
1021 2292 1200 2384 accipiant.
1251 2296 1289 2363 6.
1317 2291 1492 2387 synodum
1581 2299 1582 2352 t

283 2387 409 2470 habirit
438 2409 469 2460 a.
492 2405 595 2478 1093.
623 2383 823 2482 Trojaein
847 2385 995 2480 Apulia,
1025 2384 1189 2460 semustam
1216 2407 1492 2482 peceannnem,
1581 2369 1582 2464 i

283 2485 352 2566 ibi.
368 2480 567 2570 cnnditum,
607 2476 653 2553 de
679 2478 1011 2576 consanguineorum
1043 2481 1221 2577 conjugiis
1241 2478 1506 2568 dissolvendis,-

284 2605 388 2682 quem
413 2572 573 2652 recenset
590 2575 658 2652 svo
679 2575 919 2666 Carnutenfis,
944 2595 982 2650 et
1008 2575 1196 2654 Gratianus
1225 2597 1284 2672 35.
1309 2575 1440 2674 quaest
1462 2595 1505 2670 sa

298 2737 306 2755 .
330 2673 525 2778 §.'DC1V.
551 2693 587 2764 7.
612 2669 695 2779 on
720 2670 796 2768 ipso
821 2689 984 2770 ternpore
1010 2671 1127 2750 resin
1162 2669 1322 2748 favorem
1361 2667 1496 2752 Urbani

281 2789 436 2852 mutatae
461 2767 601 2844 suntin
627 2769 745 2868 Italia,
784 2767 963 2859 Conrado,
996 2765 1147 2844 Henrici
1173 2765 1268 2860 sisio,
1299 2767 1340 2843 in
1366 2773 1509 2846 Parum

281 2865 513 2966 conspirante.
564 2867 652 2940 Cum
676 2861 873 2952 isenricus,
898 2864 1082 2938 Clemente
1109 2864 1177 2939 sedi
1207 2866 1394 2940 Romanae
1417 2869 1519 2941 red-:-

279 2968 379 3056 dito,
405 2981 445 3036 ut
470 2959 572 3058 supra
589 2957 745 3046 narravi,
770 2975 809 3032 et
826 2960 1010 3052 Conrado,
1033 2958 1110 3035 filio
1134 2981 1175 3036 ac
1197 2960 1351 3034 haerede
1373 2965 1510 3062 regni,

278 3063 328 3142 ibi
358 3055 511 3147 relidio,
552 3071 592 3128 nt
626 3052 824 3130 Mathisdae
859 3057 894 3131 se
926 3077 1159 3149 opponeret,
1199 3073 1237 3130 et
1266 3058 1402 3132 Italiam
1433 3057 1497 3133 sibi

278 3155 510 3236 vindicaret,
540 3148 578 3224 in
610 3147 831 3226 Germaniam
864 3151 1022 3228 rediisset
1046 3171 1078 3231 a.
1107 3173 1212 3244 1092.
1229 3151 1441 3246 conradus,
1471 3177 1510 3228 a·

280 3249 460 3336 Mathisde
472 3243 629 3334 allectus,
654 3245 692 3318 in
714 3246 792 3340 ejus
809 3265 924 3340 partes
941 3245 1095 3337 transiit,
1121 3269 1171 3320 ac
1191 3246 1229 3322 in
1245 3251 1503 3326 Patremon·

280 3343 445 3433 sitavit,
470 3363 510 3414 ut
534 3341 641 3414 habet
664 3359 766 3414 autor
791 3343 887 3416 vitae
910 3342 1214 3432 Heurici,⁴et·ab
1240 3345 1391 3420 Urbano
1416 3367 1503 3420 mox·

280 3375 455 3529 egsusurus
479 3438 558 3514 Rex
582 3435 813 3512 Lombatdiae
829 3453 964 3512 creatus
985 3439 1042 3515 est
1062 3462 1094 3514 a.
1120 3459 1252 3538 1093.,
1287 3459 1329 3515 ut
1365 3463 1506 3536 praeter·

280 3539 484 3624 Bettosdum
521 3529 628 3608 refert
668 3531 897 3608 Dodechinut
941 3533 979 3606 in
1022 3534 1218 3632 adpendit-e
1257 3536 1300 3610 ad
1346 3536 1501 3614 Mariani

279 3636 382 3723 seori
407 3630 634 3745 Catoniana,
658 3627 719 3730 qui
740 3627 833 3706 hanc
856 3627 1010 3734 lepidam
1033 3647 1147 3710 narrat
1165 3631 1295 3708 mutati
1321 3633 1404 3734 ejus
1424 3632 1508 3806 agia
