<?xml version="1.0" encoding="UTF-8"?>
<!DOCTYPE html PUBLIC "-//W3C//DTD XHTML 1.0 Transitional//EN"
    "http://www.w3.org/TR/xhtml1/DTD/xhtml1-transitional.dtd">
<html xmlns="http://www.w3.org/1999/xhtml" xml:lang="en" lang="en">
 <head>
  <title>
</title>
<meta http-equiv="Content-Type" content="text/html;charset=utf-8" />
  <meta name='ocr-system' content='tesseract 3.04.00' />
  <meta name='ocr-capabilities' content='ocr_page ocr_carea ocr_par ocr_line ocrx_word'/>
</head>
<body>
  <div class='ocr_page' id='page_1' title='image "./hermannivenemai03venegoog_0159.png"; bbox 0 0 3104 4814; ppageno 0'>
   <div class='ocr_carea' id='block_1_1' title="bbox 148 544 973 753">
    <p class='ocr_par' dir='ltr' id='par_1_1' title="bbox 148 544 973 753">
     <span class='ocr_line' id='line_1_1' title="bbox 148 544 973 753; baseline -0.021 -63"><span class='ocrx_word' id='word_1_1' title='bbox 148 622 218 706; x_wconf 76' lang='lat'>150</span> <span class='ocrx_word' id='word_1_2' title='bbox 293 696 297 703; x_wconf 55' lang='grc'><strong>,</strong></span> <span class='ocrx_word' id='word_1_3' title='bbox 531 597 686 701; x_wconf 57' lang='lat' dir='ltr'>institia</span> <span class='ocrx_word' id='word_1_4' title='bbox 701 544 973 753; x_wconf 59' lang='lat' dir='ltr'>ugeram·</span> 
     </span>
    </p>
   </div>
   <div class='ocr_carea' id='block_1_2' title="bbox 61 764 1376 4212">
    <p class='ocr_par' dir='ltr' id='par_1_2' title="bbox 61 764 1370 1174">
     <span class='ocr_line' id='line_1_2' title="bbox 61 764 1369 886; baseline -0.003 -24"><span class='ocrx_word' id='word_1_5' title='bbox 61 876 64 883; x_wconf 27' lang='grc' dir='ltr'>Ι</span> <span class='ocrx_word' id='word_1_6' title='bbox 151 791 248 886; x_wconf 75' lang='lat' dir='ltr'>cujus</span> <span class='ocrx_word' id='word_1_7' title='bbox 272 782 375 858; x_wconf 83' lang='lat' dir='ltr'>aedes·</span> <span class='ocrx_word' id='word_1_8' title='bbox 393 776 606 853; x_wconf 81' lang='lat' dir='ltr'>Mulianmied</span> <span class='ocrx_word' id='word_1_9' title='bbox 620 777 870 876; x_wconf 77' lang='lat' dir='ltr'>frequentabat.</span> <span class='ocrx_word' id='word_1_10' title='bbox 921 764 1127 853; x_wconf 76' lang='lat' dir='ltr'>Celebrat&#39;ir</span> <span class='ocrx_word' id='word_1_11' title='bbox 1151 772 1260 854; x_wconf 82' lang='lat' dir='ltr'>etiam</span> <span class='ocrx_word' id='word_1_12' title='bbox 1283 766 1369 857; x_wconf 74' lang='lat' dir='ltr'>Ma·</span> 
     </span>
     <span class='ocr_line' id='line_1_3' title="bbox 150 872 1369 986; baseline -0.004 -29"><span class='ocrx_word' id='word_1_13' title='bbox 150 883 257 982; x_wconf 84' lang='lat' dir='ltr'>gister</span> <span class='ocrx_word' id='word_1_14' title='bbox 281 881 354 975; x_wconf 81' lang='lat' dir='ltr'>ejus</span> <span class='ocrx_word' id='word_1_15' title='bbox 381 877 527 963; x_wconf 89' lang='lat' dir='ltr'>Baliira,</span> <span class='ocrx_word' id='word_1_16' title='bbox 563 884 756 950; x_wconf 78' lang='lat' dir='ltr'>monacbis</span> <span class='ocrx_word' id='word_1_17' title='bbox 778 872 951 986; x_wconf 76' lang='lat' dir='ltr'>Bosreiilis</span> <span class='ocrx_word' id='word_1_18' title='bbox 980 875 1017 984; x_wconf 83' lang='lat' dir='ltr'>iu</span> <span class='ocrx_word' id='word_1_19' title='bbox 1044 874 1147 970; x_wconf 84' lang='lat' dir='ltr'>Syria</span> <span class='ocrx_word' id='word_1_20' title='bbox 1179 872 1369 985; x_wconf 65' lang='lat' dir='ltr'>Damascej·</span> 
     </span>
     <span class='ocr_line' id='line_1_4' title="bbox 151 966 1370 1174; baseline -0.005 -24"><span class='ocrx_word' id='word_1_21' title='bbox 151 973 509 1164; x_wconf 61' lang='lat' dir='ltr'>lbilllllllzi</span> <span class='ocrx_word' id='word_1_22' title='bbox 526 966 1370 1174; x_wconf 47' lang='lat' dir='ltr'>lilllilli‘il&#39;lulllillinit</span> 
     </span>
    </p>

    <p class='ocr_par' dir='ltr' id='par_1_3' title="bbox 215 1160 1369 1259">
     <span class='ocr_line' id='line_1_5' title="bbox 215 1160 1369 1259; baseline -0.002 -18"><span class='ocrx_word' id='word_1_23' title='bbox 215 1190 331 1241; x_wconf 85' lang='lat' dir='ltr'>autern</span> <span class='ocrx_word' id='word_1_24' title='bbox 365 1162 594 1237; x_wconf 82' lang='lat' dir='ltr'>Multammed</span> <span class='ocrx_word' id='word_1_25' title='bbox 620 1186 665 1236; x_wconf 88' lang='lat' dir='ltr'>ex</span> <span class='ocrx_word' id='word_1_26' title='bbox 683 1161 936 1257; x_wconf 85' lang='lat' dir='ltr'>religionibus,</span> <span class='ocrx_word' id='word_1_27' title='bbox 970 1182 1057 1235; x_wconf 86' lang='lat' dir='ltr'>tunc</span> <span class='ocrx_word' id='word_1_28' title='bbox 1081 1160 1369 1259; x_wconf 71' lang='lat' dir='ltr'>dominantibus,</span> 
     </span>
    </p>

    <p class='ocr_par' dir='ltr' id='par_1_4' title="bbox 93 1255 1370 1833">
     <span class='ocr_line' id='line_1_6' title="bbox 93 1255 1370 1366; baseline 0.004 -35"><span class='ocrx_word' id='word_1_29' title='bbox 93 1324 96 1331; x_wconf 90' lang='lat'>.</span> <span class='ocrx_word' id='word_1_30' title='bbox 153 1265 390 1366; x_wconf 73' lang='lat' dir='ltr'>judaeorum,</span> <span class='ocrx_word' id='word_1_31' title='bbox 417 1259 650 1348; x_wconf 87' lang='lat' dir='ltr'>Sabaeorum,</span> <span class='ocrx_word' id='word_1_32' title='bbox 675 1276 711 1332; x_wconf 90' lang='lat' dir='ltr'>et</span> <span class='ocrx_word' id='word_1_33' title='bbox 734 1255 1033 1347; x_wconf 82' lang='lat' dir='ltr'>Christianorum,</span> <span class='ocrx_word' id='word_1_34' title='bbox 1063 1278 1205 1352; x_wconf 89' lang='lat' dir='ltr'>quarum</span> <span class='ocrx_word' id='word_1_35' title='bbox 1231 1258 1370 1337; x_wconf 82' lang='lat' dir='ltr'>mentio</span> 
     </span>
     <span class='ocr_line' id='line_1_7' title="bbox 152 1352 1369 1448; baseline -0.002 -12"><span class='ocrx_word' id='word_1_36' title='bbox 152 1364 195 1437; x_wconf 85' lang='lat' dir='ltr'>iit</span> <span class='ocrx_word' id='word_1_37' title='bbox 217 1359 252 1433; x_wconf 92' lang='lat' dir='ltr'>in</span> <span class='ocrx_word' id='word_1_38' title='bbox 275 1360 473 1442; x_wconf 82' lang='lat' dir='ltr'>Alcoiano,</span> <span class='ocrx_word' id='word_1_39' title='bbox 516 1374 679 1426; x_wconf 89' lang='lat' dir='ltr'>necnon</span> <span class='ocrx_word' id='word_1_40' title='bbox 706 1352 1000 1444; x_wconf 88' lang='lat' dir='ltr'>Koreiscitaruin,</span> <span class='ocrx_word' id='word_1_41' title='bbox 1032 1372 1078 1425; x_wconf 86' lang='lat' dir='ltr'>eir</span> <span class='ocrx_word' id='word_1_42' title='bbox 1098 1375 1242 1448; x_wconf 90' lang='lat' dir='ltr'>quorum</span> <span class='ocrx_word' id='word_1_43' title='bbox 1269 1356 1369 1435; x_wconf 88' lang='lat' dir='ltr'>tribu</span> 
     </span>
     <span class='ocr_line' id='line_1_8' title="bbox 149 1446 1369 1551; baseline -0.004 -19"><span class='ocrx_word' id='word_1_44' title='bbox 149 1478 245 1546; x_wconf 86' lang='lat' dir='ltr'>erat,</span> <span class='ocrx_word' id='word_1_45' title='bbox 273 1475 360 1551; x_wconf 89' lang='lat' dir='ltr'>quae</span> <span class='ocrx_word' id='word_1_46' title='bbox 386 1449 532 1522; x_wconf 79' lang='lat' dir='ltr'>manime</span> <span class='ocrx_word' id='word_1_47' title='bbox 558 1450 762 1546; x_wconf 84' lang='lat' dir='ltr'>placebant,</span> <span class='ocrx_word' id='word_1_48' title='bbox 786 1469 825 1522; x_wconf 92' lang='lat' dir='ltr'>et</span> <span class='ocrx_word' id='word_1_49' title='bbox 839 1451 925 1523; x_wconf 89' lang='lat' dir='ltr'>inde</span> <span class='ocrx_word' id='word_1_50' title='bbox 941 1446 1033 1523; x_wconf 87' lang='lat' dir='ltr'>suain</span> <span class='ocrx_word' id='word_1_51' title='bbox 1050 1447 1261 1543; x_wconf 80' lang='lat' dir='ltr'>religionem</span> <span class='ocrx_word' id='word_1_52' title='bbox 1277 1471 1369 1529; x_wconf 88' lang='lat' dir='ltr'>con·</span> 
     </span>
     <span class='ocr_line' id='line_1_9' title="bbox 149 1543 1368 1645; baseline -0.002 -16"><span class='ocrx_word' id='word_1_53' title='bbox 149 1554 321 1629; x_wconf 78' lang='lat' dir='ltr'>ciniavit.</span> <span class='ocrx_word' id='word_1_54' title='bbox 372 1544 476 1645; x_wconf 83' lang='lat' dir='ltr'>Quod</span> <span class='ocrx_word' id='word_1_55' title='bbox 501 1567 583 1620; x_wconf 90' lang='lat' dir='ltr'>cuin</span> <span class='ocrx_word' id='word_1_56' title='bbox 608 1567 628 1618; x_wconf 90' lang='lat' dir='ltr'>a</span> <span class='ocrx_word' id='word_1_57' title='bbox 652 1543 850 1637; x_wconf 81' lang='lat' dir='ltr'>Pococliio,</span> <span class='ocrx_word' id='word_1_58' title='bbox 875 1547 1009 1620; x_wconf 87' lang='lat' dir='ltr'>Hortin</span> <span class='ocrx_word' id='word_1_59' title='bbox 1034 1565 1116 1632; x_wconf 86' lang='lat' dir='ltr'>ero,</span> <span class='ocrx_word' id='word_1_60' title='bbox 1140 1545 1368 1627; x_wconf 80' lang='lat' dir='ltr'>noviffimea</span> 
     </span>
     <span class='ocr_line' id='line_1_10' title="bbox 152 1567 1368 1739; baseline -0.008 -13"><span class='ocrx_word' id='word_1_61' title='bbox 152 1649 292 1737; x_wconf 87' lang='lat' dir='ltr'>Millio,</span> <span class='ocrx_word' id='word_1_62' title='bbox 315 1645 414 1719; x_wconf 87' lang='lat' dir='ltr'>libris</span> <span class='ocrx_word' id='word_1_63' title='bbox 430 1640 528 1736; x_wconf 83' lang='lat' dir='ltr'>supra</span> <span class='ocrx_word' id='word_1_64' title='bbox 552 1641 690 1730; x_wconf 86' lang='lat' dir='ltr'>citatis,</span> <span class='ocrx_word' id='word_1_65' title='bbox 715 1640 878 1739; x_wconf 86' lang='lat' dir='ltr'>aliisque,</span> <span class='ocrx_word' id='word_1_66' title='bbox 903 1641 986 1715; x_wconf 83' lang='lat' dir='ltr'>satis</span> <span class='ocrx_word' id='word_1_67' title='bbox 1011 1567 1055 1713; x_wconf 60' lang='lat' dir='ltr'>sit</span> <span class='ocrx_word' id='word_1_68' title='bbox 1082 1660 1239 1730; x_wconf 86' lang='lat' dir='ltr'>erutum,</span> <span class='ocrx_word' id='word_1_69' title='bbox 1265 1664 1305 1717; x_wconf 93' lang='lat' dir='ltr'>et</span> <span class='ocrx_word' id='word_1_70' title='bbox 1323 1636 1368 1721; x_wconf 87' lang='lat' dir='ltr'>il&#39;·</span> 
     </span>
     <span class='ocr_line' id='line_1_11' title="bbox 151 1732 1363 1833; baseline -0.012 -12"><span class='ocrx_word' id='word_1_71' title='bbox 151 1746 354 1831; x_wconf 85' lang='lat' dir='ltr'>lustratum,</span> <span class='ocrx_word' id='word_1_72' title='bbox 379 1738 508 1812; x_wconf 86' lang='lat' dir='ltr'>sumnia</span> <span class='ocrx_word' id='word_1_73' title='bbox 530 1758 645 1811; x_wconf 88' lang='lat' dir='ltr'>rerum</span> <span class='ocrx_word' id='word_1_74' title='bbox 668 1736 785 1833; x_wconf 88' lang='lat' dir='ltr'>capita</span> <span class='ocrx_word' id='word_1_75' title='bbox 809 1755 942 1811; x_wconf 88' lang='lat' dir='ltr'>tantum</span> <span class='ocrx_word' id='word_1_76' title='bbox 965 1732 1115 1833; x_wconf 89' lang='lat' dir='ltr'>perstrin</span> <span class='ocrx_word' id='word_1_77' title='bbox 1140 1742 1208 1811; x_wconf 81' lang='lat' dir='ltr'>atn&#39;.</span> <span class='ocrx_word' id='word_1_78' title='bbox 1357 1754 1363 1829; x_wconf 71' lang='grc' dir='ltr'>ξ</span> 
     </span>
    </p>

    <p class='ocr_par' dir='ltr' id='par_1_5' title="bbox 149 1830 1376 4212">
     <span class='ocr_line' id='line_1_12' title="bbox 199 1830 1368 1939; baseline 0 -30"><span class='ocrx_word' id='word_1_79' title='bbox 199 1840 230 1939; x_wconf 56' lang='lat' dir='ltr'>i.</span> <span class='ocrx_word' id='word_1_80' title='bbox 257 1840 363 1913; x_wconf 86' lang='lat' dir='ltr'><strong>CXL.</strong></span> <span class='ocrx_word' id='word_1_81' title='bbox 395 1831 656 1919; x_wconf 84' lang='lat' dir='ltr'>Koreiscliitae,</span> <span class='ocrx_word' id='word_1_82' title='bbox 683 1831 887 1907; x_wconf 81' lang='lat' dir='ltr'>nobililsima</span> <span class='ocrx_word' id='word_1_83' title='bbox 909 1832 1063 1905; x_wconf 83' lang='lat' dir='ltr'>Arabum</span> <span class='ocrx_word' id='word_1_84' title='bbox 1089 1849 1131 1903; x_wconf 87' lang='lat' dir='ltr'>tri</span> <span class='ocrx_word' id='word_1_85' title='bbox 1158 1853 1217 1922; x_wconf 84' lang='lat' dir='ltr'>oi,</span> <span class='ocrx_word' id='word_1_86' title='bbox 1252 1847 1293 1905; x_wconf 90' lang='lat' dir='ltr'>ot</span> <span class='ocrx_word' id='word_1_87' title='bbox 1311 1830 1368 1923; x_wconf 83' lang='lat' dir='ltr'>ait</span> 
     </span>
     <span class='ocr_line' id='line_1_13' title="bbox 153 1924 1370 2027; baseline -0.007 -14"><span class='ocrx_word' id='word_1_88' title='bbox 153 1932 338 2012; x_wconf 81' lang='lat' dir='ltr'>Reidaviur</span> <span class='ocrx_word' id='word_1_89' title='bbox 361 1930 404 2002; x_wconf 91' lang='lat' dir='ltr'>ad</span> <span class='ocrx_word' id='word_1_90' title='bbox 428 1928 503 2000; x_wconf 87' lang='lat' dir='ltr'>Sur.</span> <span class='ocrx_word' id='word_1_91' title='bbox 529 1928 593 1999; x_wconf 91' lang='lat' dir='ltr'>lll:</span> <span class='ocrx_word' id='word_1_92' title='bbox 624 1932 724 2019; x_wconf 89' lang='lat'>165.‚</span> <span class='ocrx_word' id='word_1_93' title='bbox 766 1949 849 2027; x_wconf 81' lang='lat' dir='ltr'>prae</span> <span class='ocrx_word' id='word_1_94' title='bbox 880 1926 1022 2024; x_wconf 84' lang='lat' dir='ltr'>reliquii</span> <span class='ocrx_word' id='word_1_95' title='bbox 1056 1924 1231 2001; x_wconf 87' lang='lat' dir='ltr'>Arabibui</span> <span class='ocrx_word' id='word_1_96' title='bbox 1265 1940 1370 2005; x_wconf 82' lang='lat' dir='ltr'>erant</span> 
     </span>
     <span class='ocr_line' id='line_1_14' title="bbox 149 2012 1368 2122; baseline -0.005 -15"><span class='ocrx_word' id='word_1_97' title='bbox 149 2035 267 2108; x_wconf 84' lang='lat' dir='ltr'>cultui</span> <span class='ocrx_word' id='word_1_98' title='bbox 291 2024 362 2101; x_wconf 85' lang='lat' dir='ltr'>Dei</span> <span class='ocrx_word' id='word_1_99' title='bbox 386 2020 632 2098; x_wconf 82' lang='lat' dir='ltr'>studionffimi:</span> <span class='ocrx_word' id='word_1_100' title='bbox 674 2023 757 2122; x_wconf 89' lang='lat' dir='ltr'>qui,</span> <span class='ocrx_word' id='word_1_101' title='bbox 787 2042 827 2096; x_wconf 87' lang='lat' dir='ltr'>ut</span> <span class='ocrx_word' id='word_1_102' title='bbox 851 2022 957 2097; x_wconf 87' lang='lat' dir='ltr'>tradit</span> <span class='ocrx_word' id='word_1_103' title='bbox 984 2019 1068 2096; x_wconf 85' lang='lat' dir='ltr'>Faik</span> <span class='ocrx_word' id='word_1_104' title='bbox 1091 2022 1128 2095; x_wconf 91' lang='lat' dir='ltr'>iii</span> <span class='ocrx_word' id='word_1_105' title='bbox 1152 2019 1237 2098; x_wconf 75' lang='lat' dir='ltr'>Mis.</span> <span class='ocrx_word' id='word_1_106' title='bbox 1268 2046 1287 2098; x_wconf 86' lang='lat' dir='ltr'>a</span> <span class='ocrx_word' id='word_1_107' title='bbox 1315 2012 1368 2101; x_wconf 75' lang='lat' dir='ltr'>ut&#39;l</span> 
     </span>
     <span class='ocr_line' id='line_1_15' title="bbox 152 2112 1371 2218; baseline -0.007 -14"><span class='ocrx_word' id='word_1_108' title='bbox 152 2127 329 2213; x_wconf 81' lang='lat' dir='ltr'>Milium,</span> <span class='ocrx_word' id='word_1_109' title='bbox 350 2117 548 2218; x_wconf 64' lang='lat' dir='ltr'>janubam,</span> <span class='ocrx_word' id='word_1_110' title='bbox 572 2142 628 2193; x_wconf 86' lang='lat' dir='ltr'>rior</span> <span class='ocrx_word' id='word_1_111' title='bbox 641 2116 758 2213; x_wconf 82' lang='lat' dir='ltr'>suiuus</span> <span class='ocrx_word' id='word_1_112' title='bbox 783 2121 914 2216; x_wconf 78' lang='lat' dir='ltr'>populus</span> <span class='ocrx_word' id='word_1_113' title='bbox 936 2117 1024 2208; x_wconf 84' lang='lat' dir='ltr'>Dei,</span> <span class='ocrx_word' id='word_1_114' title='bbox 1057 2141 1118 2191; x_wconf 83' lang='lat' dir='ltr'>noir</span> <span class='ocrx_word' id='word_1_115' title='bbox 1133 2116 1253 2213; x_wconf 82' lang='lat' dir='ltr'>sumus</span> <span class='ocrx_word' id='word_1_116' title='bbox 1310 2112 1371 2195; x_wconf 78' lang='lat' dir='ltr'>cul</span> 
     </span>
     <span class='ocr_line' id='line_1_16' title="bbox 151 2211 1369 2321; baseline -0.004 -25"><span class='ocrx_word' id='word_1_117' title='bbox 151 2225 266 2318; x_wconf 81' lang='lat' dir='ltr'>reliqui</span> <span class='ocrx_word' id='word_1_118' title='bbox 284 2221 449 2307; x_wconf 78' lang='lat' dir='ltr'>lumitati,</span> <span class='ocrx_word' id='word_1_119' title='bbox 479 2237 538 2287; x_wconf 85' lang='lat' dir='ltr'>nori</span> <span class='ocrx_word' id='word_1_120' title='bbox 561 2217 778 2321; x_wconf 54' lang='lat' dir='ltr'>egredimini</span> <span class='ocrx_word' id='word_1_121' title='bbox 802 2217 919 2313; x_wconf 73' lang='lat' dir='ltr'>cirtulo</span> <span class='ocrx_word' id='word_1_122' title='bbox 943 2215 1028 2306; x_wconf 82' lang='lat' dir='ltr'>Dei,</span> <span class='ocrx_word' id='word_1_123' title='bbox 1060 2211 1194 2289; x_wconf 91' lang='lat' dir='ltr'>scilicet</span> <span class='ocrx_word' id='word_1_124' title='bbox 1217 2214 1312 2289; x_wconf 86' lang='lat' dir='ltr'>Tem</span> <span class='ocrx_word' id='word_1_125' title='bbox 1340 2216 1369 2291; x_wconf 87' lang='lat' dir='ltr'>li·</span> 
     </span>
     <span class='ocr_line' id='line_1_17' title="bbox 151 2308 1371 2411; baseline -0.011 -14"><span class='ocrx_word' id='word_1_126' title='bbox 151 2316 332 2398; x_wconf 83' lang='lat' dir='ltr'>bleccani.</span> <span class='ocrx_word' id='word_1_127' title='bbox 379 2315 436 2387; x_wconf 90' lang='lat' dir='ltr'>De</span> <span class='ocrx_word' id='word_1_128' title='bbox 461 2309 544 2385; x_wconf 89' lang='lat' dir='ltr'>Deo</span> <span class='ocrx_word' id='word_1_129' title='bbox 559 2333 698 2411; x_wconf 88' lang='lat' dir='ltr'>quoque</span> <span class='ocrx_word' id='word_1_130' title='bbox 720 2329 758 2383; x_wconf 85' lang='lat' dir='ltr'>ee</span> <span class='ocrx_word' id='word_1_131' title='bbox 784 2311 860 2407; x_wconf 80' lang='lat' dir='ltr'>ejus</span> <span class='ocrx_word' id='word_1_132' title='bbox 881 2312 979 2386; x_wconf 90' lang='lat' dir='ltr'>cultu</span> <span class='ocrx_word' id='word_1_133' title='bbox 1001 2308 1129 2385; x_wconf 71' lang='lat' dir='ltr'>reclina</span> <span class='ocrx_word' id='word_1_134' title='bbox 1150 2310 1283 2384; x_wconf 80' lang='lat' dir='ltr'>ceteris</span> <span class='ocrx_word' id='word_1_135' title='bbox 1321 2310 1371 2387; x_wconf 85' lang='lat' dir='ltr'>is·</span> 
     </span>
     <span class='ocr_line' id='line_1_18' title="bbox 151 2404 1372 2505; baseline -0.013 -11"><span class='ocrx_word' id='word_1_136' title='bbox 151 2418 323 2494; x_wconf 87' lang='lat' dir='ltr'>serebant.</span> <span class='ocrx_word' id='word_1_137' title='bbox 372 2407 559 2485; x_wconf 80' lang='lat' dir='ltr'>Habebam</span> <span class='ocrx_word' id='word_1_138' title='bbox 582 2407 726 2505; x_wconf 88' lang='lat' dir='ltr'>quidem</span> <span class='ocrx_word' id='word_1_139' title='bbox 759 2404 851 2481; x_wconf 88' lang='lat' dir='ltr'>idola</span> <span class='ocrx_word' id='word_1_140' title='bbox 886 2407 962 2497; x_wconf 88' lang='lat' dir='ltr'>sua,</span> <span class='ocrx_word' id='word_1_141' title='bbox 996 2407 1039 2481; x_wconf 90' lang='lat' dir='ltr'>de</span> <span class='ocrx_word' id='word_1_142' title='bbox 1063 2407 1187 2502; x_wconf 82' lang='lat' dir='ltr'>quibua</span> <span class='ocrx_word' id='word_1_143' title='bbox 1209 2406 1372 2487; x_wconf 79' lang='lat' dir='ltr'>Pocoelr.</span> 
     </span>
     <span class='ocr_line' id='line_1_19' title="bbox 152 2500 1372 2604; baseline -0.009 -14"><span class='ocrx_word' id='word_1_144' title='bbox 152 2534 191 2590; x_wconf 87' lang='lat' dir='ltr'>et</span> <span class='ocrx_word' id='word_1_145' title='bbox 207 2510 437 2604; x_wconf 64' lang='lat' dir='ltr'>Hortinger„</span> <span class='ocrx_word' id='word_1_146' title='bbox 461 2501 550 2577; x_wconf 77' lang='lat' dir='ltr'>locis</span> <span class='ocrx_word' id='word_1_147' title='bbox 566 2507 650 2595; x_wconf 82' lang='lat' dir='ltr'>cit,</span> <span class='ocrx_word' id='word_1_148' title='bbox 675 2500 879 2578; x_wconf 87' lang='lat' dir='ltr'>consulendi</span> <span class='ocrx_word' id='word_1_149' title='bbox 896 2503 993 2596; x_wconf 88' lang='lat' dir='ltr'>sunt,</span> <span class='ocrx_word' id='word_1_150' title='bbox 1011 2501 1068 2576; x_wconf 90' lang='lat' dir='ltr'>sed</span> <span class='ocrx_word' id='word_1_151' title='bbox 1084 2502 1254 2576; x_wconf 90' lang='lat' dir='ltr'>minorum</span> <span class='ocrx_word' id='word_1_152' title='bbox 1265 2503 1372 2593; x_wconf 61' lang='lat' dir='ltr'>Deoy.</span> 
     </span>
     <span class='ocr_line' id='line_1_20' title="bbox 152 2594 1373 2694; baseline -0.009 -8"><span class='ocrx_word' id='word_1_153' title='bbox 152 2633 231 2686; x_wconf 90' lang='lat' dir='ltr'>rum</span> <span class='ocrx_word' id='word_1_154' title='bbox 257 2609 358 2691; x_wconf 90' lang='lat' dir='ltr'>loco,</span> <span class='ocrx_word' id='word_1_155' title='bbox 407 2599 542 2674; x_wconf 88' lang='lat' dir='ltr'>summo</span> <span class='ocrx_word' id='word_1_156' title='bbox 574 2600 657 2673; x_wconf 90' lang='lat' dir='ltr'>Deo</span> <span class='ocrx_word' id='word_1_157' title='bbox 687 2597 935 2694; x_wconf 77' lang='lat' dir='ltr'>subjellorum.</span> <span class='ocrx_word' id='word_1_158' title='bbox 995 2600 1054 2673; x_wconf 92' lang='lat' dir='ltr'>De</span> <span class='ocrx_word' id='word_1_159' title='bbox 1086 2596 1263 2672; x_wconf 80' lang='lat' dir='ltr'>attributis</span> <span class='ocrx_word' id='word_1_160' title='bbox 1295 2594 1373 2675; x_wconf 76' lang='lat' dir='ltr'>Del</span> 
     </span>
     <span class='ocr_line' id='line_1_21' title="bbox 152 2690 1373 2794; baseline -0.009 -13"><span class='ocrx_word' id='word_1_161' title='bbox 152 2707 299 2785; x_wconf 85' lang='lat' dir='ltr'>multum</span> <span class='ocrx_word' id='word_1_162' title='bbox 325 2697 402 2775; x_wconf 90' lang='lat' dir='ltr'>suot</span> <span class='ocrx_word' id='word_1_163' title='bbox 424 2693 681 2794; x_wconf 86' lang='lat' dir='ltr'>philosophati,</span> <span class='ocrx_word' id='word_1_164' title='bbox 714 2692 942 2768; x_wconf 88' lang='lat' dir='ltr'>crediderunt</span> <span class='ocrx_word' id='word_1_165' title='bbox 975 2694 1048 2769; x_wconf 84' lang='lat' dir='ltr'>elie</span> <span class='ocrx_word' id='word_1_166' title='bbox 1073 2692 1200 2790; x_wconf 86' lang='lat' dir='ltr'>genios</span> <span class='ocrx_word' id='word_1_167' title='bbox 1217 2711 1265 2767; x_wconf 85' lang='lat' dir='ltr'>et</span> <span class='ocrx_word' id='word_1_168' title='bbox 1293 2690 1373 2770; x_wconf 69' lang='lat' dir='ltr'>Aul</span> 
     </span>
     <span class='ocr_line' id='line_1_22' title="bbox 152 2784 1373 2905; baseline -0.011 -24"><span class='ocrx_word' id='word_1_169' title='bbox 152 2805 269 2905; x_wconf 69' lang='lat' dir='ltr'>g&#39;eloii</span> <span class='ocrx_word' id='word_1_170' title='bbox 308 2813 346 2872; x_wconf 85' lang='lat' dir='ltr'>et</span> <span class='ocrx_word' id='word_1_171' title='bbox 380 2791 534 2869; x_wconf 87' lang='lat' dir='ltr'>futuram</span> <span class='ocrx_word' id='word_1_172' title='bbox 570 2789 640 2867; x_wconf 81' lang='lat' dir='ltr'>elie</span> <span class='ocrx_word' id='word_1_173' title='bbox 673 2788 956 2895; x_wconf 67' lang='lat' dir='ltr'>resurreib&#39;ooem</span> <span class='ocrx_word' id='word_1_174' title='bbox 994 2809 1222 2866; x_wconf 87' lang='lat' dir='ltr'>mortuorum.</span> <span class='ocrx_word' id='word_1_175' title='bbox 1279 2784 1373 2891; x_wconf 68' lang='lat' dir='ltr'>Eia!</span> 
     </span>
     <span class='ocr_line' id='line_1_23' title="bbox 152 2885 1373 3079; baseline -0.01 -8"><span class='ocrx_word' id='word_1_176' title='bbox 152 2891 509 3072; x_wconf 59' lang='lat' dir='ltr'>uitia-&#39;litum</span> <span class='ocrx_word' id='word_1_177' title='bbox 535 2885 1373 3079; x_wconf 54' lang='lat' dir='ltr'>battitiiimliliilata-itum</span> 
     </span>
     <span class='ocr_line' id='line_1_24' title="bbox 153 3075 1371 3188; baseline -0.007 -27"><span class='ocrx_word' id='word_1_178' title='bbox 153 3107 277 3188; x_wconf 80' lang='lat' dir='ltr'>precer</span> <span class='ocrx_word' id='word_1_179' title='bbox 307 3075 473 3153; x_wconf 73' lang='lat' dir='ltr'>directae.</span> <span class='ocrx_word' id='word_1_180' title='bbox 565 3077 692 3172; x_wconf 85' lang='lat' dir='ltr'>eoique</span> <span class='ocrx_word' id='word_1_181' title='bbox 728 3079 815 3151; x_wconf 86' lang='lat' dir='ltr'>varii</span> <span class='ocrx_word' id='word_1_182' title='bbox 846 3077 953 3168; x_wconf 85' lang='lat' dir='ltr'>ritus,</span> <span class='ocrx_word' id='word_1_183' title='bbox 994 3096 1033 3151; x_wconf 89' lang='lat' dir='ltr'>ut</span> <span class='ocrx_word' id='word_1_184' title='bbox 1063 3076 1371 3171; x_wconf 74' lang='lat' dir='ltr'>circumcisionis,</span> 
     </span>
     <span class='ocr_line' id='line_1_25' title="bbox 152 3169 1374 3269; baseline -0.011 -8"><span class='ocrx_word' id='word_1_185' title='bbox 152 3181 388 3264; x_wconf 88' lang='lat' dir='ltr'>ablutionum,</span> <span class='ocrx_word' id='word_1_186' title='bbox 407 3171 559 3269; x_wconf 89' lang='lat' dir='ltr'>lapidum</span> <span class='ocrx_word' id='word_1_187' title='bbox 576 3169 807 3269; x_wconf 69' lang='lat' dir='ltr'>projeiliouis</span> <span class='ocrx_word' id='word_1_188' title='bbox 825 3173 861 3248; x_wconf 94' lang='lat' dir='ltr'>in</span> <span class='ocrx_word' id='word_1_189' title='bbox 878 3177 977 3259; x_wconf 91' lang='lat' dir='ltr'>valle,</span> <span class='ocrx_word' id='word_1_190' title='bbox 1003 3171 1130 3263; x_wconf 87' lang='lat' dir='ltr'>etalii,</span> <span class='ocrx_word' id='word_1_191' title='bbox 1156 3172 1167 3247; x_wconf 90' lang='lat' dir='ltr'>i</span> <span class='ocrx_word' id='word_1_192' title='bbox 1195 3172 1237 3248; x_wconf 80' lang='lat' dir='ltr'>sis</span> <span class='ocrx_word' id='word_1_193' title='bbox 1252 3174 1288 3247; x_wconf 91' lang='lat' dir='ltr'>in</span> <span class='ocrx_word' id='word_1_194' title='bbox 1307 3173 1374 3267; x_wconf 80' lang='lat' dir='ltr'>usu</span> 
     </span>
     <span class='ocr_line' id='line_1_26' title="bbox 153 3262 1371 3365; baseline -0.011 -8"><span class='ocrx_word' id='word_1_195' title='bbox 153 3281 307 3357; x_wconf 84' lang='lat' dir='ltr'>suerunt.</span> <span class='ocrx_word' id='word_1_196' title='bbox 355 3273 523 3346; x_wconf 84' lang='lat' dir='ltr'>Attamen</span> <span class='ocrx_word' id='word_1_197' title='bbox 550 3269 588 3343; x_wconf 92' lang='lat' dir='ltr'>in</span> <span class='ocrx_word' id='word_1_198' title='bbox 612 3264 769 3342; x_wconf 73' lang='lat' dir='ltr'>domina</span> <span class='ocrx_word' id='word_1_199' title='bbox 792 3267 836 3342; x_wconf 87' lang='lat' dir='ltr'>de</span> <span class='ocrx_word' id='word_1_200' title='bbox 859 3291 929 3344; x_wconf 89' lang='lat' dir='ltr'>uno</span> <span class='ocrx_word' id='word_1_201' title='bbox 953 3270 1054 3360; x_wconf 90' lang='lat' dir='ltr'>Deo,</span> <span class='ocrx_word' id='word_1_202' title='bbox 1080 3269 1153 3365; x_wconf 89' lang='lat' dir='ltr'>reje</span> <span class='ocrx_word' id='word_1_203' title='bbox 1194 3270 1221 3344; x_wconf 84' lang='lat' dir='ltr'>&#39;s</span> <span class='ocrx_word' id='word_1_204' title='bbox 1243 3262 1371 3363; x_wconf 85' lang='lat' dir='ltr'>sociii,</span> 
     </span>
     <span class='ocr_line' id='line_1_27' title="bbox 155 3358 1374 3461; baseline -0.01 -8"><span class='ocrx_word' id='word_1_205' title='bbox 155 3373 319 3453; x_wconf 81' lang='lat' dir='ltr'>omnibus</span> <span class='ocrx_word' id='word_1_206' title='bbox 343 3367 446 3442; x_wconf 82' lang='lat' dir='ltr'>idolis</span> <span class='ocrx_word' id='word_1_207' title='bbox 468 3384 504 3438; x_wconf 90' lang='lat' dir='ltr'>et</span> <span class='ocrx_word' id='word_1_208' title='bbox 526 3361 754 3461; x_wconf 84' lang='lat' dir='ltr'>imaginibus,</span> <span class='ocrx_word' id='word_1_209' title='bbox 776 3363 819 3439; x_wconf 90' lang='lat' dir='ltr'>de</span> <span class='ocrx_word' id='word_1_210' title='bbox 843 3367 916 3444; x_wconf 85' lang='lat' dir='ltr'>vita</span> <span class='ocrx_word' id='word_1_211' title='bbox 940 3359 1019 3461; x_wconf 89' lang='lat' dir='ltr'>post</span> <span class='ocrx_word' id='word_1_212' title='bbox 1047 3360 1138 3440; x_wconf 87' lang='lat' dir='ltr'>lianc</span> <span class='ocrx_word' id='word_1_213' title='bbox 1162 3358 1296 3461; x_wconf 81' lang='lat' dir='ltr'>vitam,</span> <span class='ocrx_word' id='word_1_214' title='bbox 1324 3362 1374 3441; x_wconf 75' lang='lat' dir='ltr'>&lt;le</span> 
     </span>
     <span class='ocr_line' id='line_1_28' title="bbox 154 3454 1374 3557; baseline -0.011 -7"><span class='ocrx_word' id='word_1_215' title='bbox 154 3461 413 3550; x_wconf 77' lang='lat' dir='ltr'>resurrebliu&#39;nis</span> <span class='ocrx_word' id='word_1_216' title='bbox 434 3460 567 3551; x_wconf 89' lang='lat' dir='ltr'>modo,</span> <span class='ocrx_word' id='word_1_217' title='bbox 580 3470 632 3533; x_wconf 77' lang='lat' dir='ltr'>&#39;et</span> <span class='ocrx_word' id='word_1_218' title='bbox 652 3458 795 3555; x_wconf 79' lang='lat' dir='ltr'>judicio‘</span> <span class='ocrx_word' id='word_1_219' title='bbox 808 3460 956 3547; x_wconf 78' lang='lat' dir='ltr'>birino,</span> <span class='ocrx_word' id='word_1_220' title='bbox 984 3458 1029 3532; x_wconf 79' lang='lat' dir='ltr'>de</span> <span class='ocrx_word' id='word_1_221' title='bbox 1044 3454 1223 3557; x_wconf 75' lang='lat' dir='ltr'>A&#39;lc&#39;brino</span> <span class='ocrx_word' id='word_1_222' title='bbox 1239 3456 1374 3537; x_wconf 71' lang='lat' dir='ltr'>incita·</span> 
     </span>
     <span class='ocr_line' id='line_1_29' title="bbox 155 3550 1374 3661; baseline -0.007 -22"><span class='ocrx_word' id='word_1_223' title='bbox 155 3560 216 3658; x_wconf 70' lang='grc' dir='ltr'>ιὀῑ,ι</span> <span class='ocrx_word' id='word_1_224' title='bbox 247 3560 388 3660; x_wconf 82' lang='lat' dir='ltr'>ejusque</span> <span class='ocrx_word' id='word_1_225' title='bbox 415 3557 595 3632; x_wconf 68' lang='lat' dir='ltr'>sanctitate</span> <span class='ocrx_word' id='word_1_226' title='bbox 612 3553 839 3647; x_wconf 72' lang='lat' dir='ltr'>&#39;summa,&#39;³il&#39;e</span> <span class='ocrx_word' id='word_1_227' title='bbox 874 3554 1136 3649; x_wconf 80' lang='lat' dir='ltr'>tr&#39;a&#39;ditionibus,</span> <span class='ocrx_word' id='word_1_228' title='bbox 1162 3550 1374 3661; x_wconf 59' lang='lat' dir='ltr'>aliisquesriss</span> 
     </span>
     <span class='ocr_line' id='line_1_30' title="bbox 155 3634 1373 3752; baseline -0.013 -9"><span class='ocrx_word' id='word_1_229' title='bbox 155 3667 249 3743; x_wconf 86' lang='lat' dir='ltr'>tibus</span> <span class='ocrx_word' id='word_1_230' title='bbox 267 3652 449 3752; x_wconf 73' lang='lat' dir='ltr'>religiosis,</span> <span class='ocrx_word' id='word_1_231' title='bbox 474 3654 520 3728; x_wconf 84' lang='lat' dir='ltr'>de</span> <span class='ocrx_word' id='word_1_232' title='bbox 535 3650 736 3746; x_wconf 86' lang='lat' dir='ltr'>creatione,</span> <span class='ocrx_word' id='word_1_233' title='bbox 752 3653 924 3752; x_wconf 77' lang='lat' dir='ltr'>¹Angelis,</span> <span class='ocrx_word' id='word_1_234' title='bbox 941 3634 1373 3747; x_wconf 82' lang='lat' dir='ltr'>daemonibus,&#39;homiri&#39;e,</span> 
     </span>
     <span class='ocr_line' id='line_1_31' title="bbox 156 3747 1374 3859; baseline -0.009 -25"><span class='ocrx_word' id='word_1_235' title='bbox 156 3761 265 3841; x_wconf 83' lang='lat' dir='ltr'>inulta</span> <span class='ocrx_word' id='word_1_236' title='bbox 288 3774 368 3828; x_wconf 90' lang='lat' dir='ltr'>cuni</span> <span class='ocrx_word' id='word_1_237' title='bbox 392 3747 530 3845; x_wconf 85' lang='lat' dir='ltr'>Judaeii</span> <span class='ocrx_word' id='word_1_238' title='bbox 561 3750 689 3826; x_wconf 90' lang='lat' dir='ltr'>habent</span> <span class='ocrx_word' id='word_1_239' title='bbox 715 3749 936 3839; x_wconf 90' lang='lat' dir='ltr'>communia,</span> <span class='ocrx_word' id='word_1_240' title='bbox 974 3773 994 3824; x_wconf 89' lang='lat' dir='ltr'>a</span> <span class='ocrx_word' id='word_1_241' title='bbox 1022 3748 1276 3859; x_wconf 77' lang='lat' dir='ltr'>quibus&#39;etiarn</span> <span class='ocrx_word' id='word_1_242' title='bbox 1309 3770 1374 3847; x_wconf 73' lang='lat' dir='ltr'>ua·</span> 
     </span>
     <span class='ocr_line' id='line_1_32' title="bbox 154 3843 1375 3943; baseline -0.015 -6"><span class='ocrx_word' id='word_1_243' title='bbox 154 3845 615 3940; x_wconf 80' lang='lat' dir='ltr'>iias&#39;ablutiones,·jejunia&#39;,</span> <span class='ocrx_word' id='word_1_244' title='bbox 635 3868 777 3936; x_wconf 78' lang='lat' dir='ltr'>preces,</span> <span class='ocrx_word' id='word_1_245' title='bbox 803 3861 841 3916; x_wconf 91' lang='lat' dir='ltr'>et</span> <span class='ocrx_word' id='word_1_246' title='bbox 858 3843 943 3933; x_wconf 86' lang='lat' dir='ltr'>alia,</span> <span class='ocrx_word' id='word_1_247' title='bbox 970 3843 1190 3937; x_wconf 75' lang='lat' dir='ltr'>derivarunt,</span> <span class='ocrx_word' id='word_1_248' title='bbox 1215 3867 1254 3929; x_wconf 85' lang='lat' dir='ltr'>ur</span> <span class='ocrx_word' id='word_1_249' title='bbox 1270 3848 1375 3943; x_wconf 74' lang='lat' dir='ltr'>lupia</span> 
     </span>
     <span class='ocr_line' id='line_1_33' title="bbox 155 3937 1375 4053; baseline -0.017 -16"><span class='ocrx_word' id='word_1_250' title='bbox 155 3957 223 4036; x_wconf 81' lang='lat' dir='ltr'>suit</span> <span class='ocrx_word' id='word_1_251' title='bbox 241 3938 560 4039; x_wconf 65' lang='lat' dir='ltr'>*locioobservavi</span> <span class='ocrx_word' id='word_1_252' title='bbox 614 3940 764 4014; x_wconf 86' lang='lat' dir='ltr'>Fabulae</span> <span class='ocrx_word' id='word_1_253' title='bbox 797 3937 950 4036; x_wconf 84' lang='lat' dir='ltr'>denique</span> <span class='ocrx_word' id='word_1_254' title='bbox 978 3939 1198 4041; x_wconf 84' lang='lat' dir='ltr'>Rabbinicae</span> <span class='ocrx_word' id='word_1_255' title='bbox 1229 3943 1375 4053; x_wconf 76' lang='lat' dir='ltr'>pissitri,</span> 
     </span>
     <span class='ocr_line' id='line_1_34' title="bbox 149 4020 1375 4210; baseline -0.017 -77"><span class='ocrx_word' id='word_1_256' title='bbox 149 4076 192 4134; x_wconf 81' lang='lat' dir='ltr'>et</span> <span class='ocrx_word' id='word_1_257' title='bbox 215 4049 362 4148; x_wconf 81' lang='lat' dir='ltr'>ubique,</span> <span class='ocrx_word' id='word_1_258' title='bbox 378 4037 466 4116; x_wconf 86' lang='lat' dir='ltr'>-sese</span> <span class='ocrx_word' id='word_1_259' title='bbox 486 4033 669 4136; x_wconf 77' lang='lat' dir='ltr'>&#39;produnt-</span> <span class='ocrx_word' id='word_1_260' title='bbox 700 4031 816 4111; x_wconf 67' lang='lat' dir='ltr'>Reile</span> <span class='ocrx_word' id='word_1_261' title='bbox 843 4033 964 4133; x_wconf 84' lang='lat' dir='ltr'>itaque</span> <span class='ocrx_word' id='word_1_262' title='bbox 984 4032 1166 4131; x_wconf 84' lang='lat' dir='ltr'>statuitur,</span> <span class='ocrx_word' id='word_1_263' title='bbox 1207 4020 1375 4210; x_wconf 47' lang='lat' dir='ltr'>Miglaiggii·</span> 
     </span>
     <span class='ocr_line' id='line_1_35' title="bbox 159 4157 1376 4212; baseline 0.007 -9"><span class='ocrx_word' id='word_1_264' title='bbox 159 4196 167 4211; x_wconf 79' lang='grc'>,</span> <span class='ocrx_word' id='word_1_265' title='bbox 1198 4157 1256 4210; x_wconf 91' lang='lat' dir='ltr'>me</span> <span class='ocrx_word' id='word_1_266' title='bbox 1341 4158 1376 4212; x_wconf 91' lang='lat' dir='ltr'>m</span> 
     </span>
    </p>
   </div>
   <div class='ocr_carea' id='block_1_3' title="bbox 0 0 1564 4814">
    <p class='ocr_par' dir='ltr' id='par_1_6' title="bbox 0 0 1564 4814">
     <span class='ocr_line' id='line_1_36' title="bbox 0 0 1564 4814; baseline 0 0"><span class='ocrx_word' id='word_1_267' title='bbox 0 0 1564 4814; x_wconf 95' lang='lat' dir='ltr'> </span> 
     </span>
    </p>
   </div>
  </div>
 </body>
</html>
