3128 4454
583 220 689 301 Serui.
713 223 806 302 VII..
846 271 849 278 »
1227 247 1298 323 ¹55
1380 201 1385 212 ’

100 392 268 489 Romanis,
309 399 370 478 seu
395 396 562 490 Graecis,
602 400 729 492 bellom
752 399 876 502 geffit,
912 401 1293 504 occasionecaptata,

98 493 191 586 quod,
213 513 251 569 ut
274 493 622 594 Sigebertutresert,
647 495 776 573 milites
792 499 956 576 Saraceni
974 498 1108 576 suerint
1133 501 1294 600 ignomi-

98 587 180 662 niose
200 613 218 666 a
239 589 392 688 spadone
423 591 585 669 Heraclii
617 591 777 684 nociati,
810 593 848 666 in
881 593 1127 672 distribuendis
1152 599 1290 678 ronam

97 682 158 775 vis,
179 705 215 761 et
236 688 356 782 spreti.
406 688 520 790 Quam
533 686 693 786 injuriam
717 706 756 764 ut
772 688 997 782 ulcisceretur
1014 694 1178 791 Calipha,
1227 716 1315 770 ugr,

95 793 164 854 tuot
175 783 265 858 mifit
288 781 327 860 in
343 785 480 884 Syriam
496 803 533 859 ct
548 783 772 894 Palaestinam
790 785 927 881 Docet,
952 785 1135 872 Amiracor
1157 717 1302 874 diriora,

94 878 198 972 quales
222 879 460 957 Muhammed
490 877 676 957 institorise
704 879 836 974 fertur,
878 905 917 960 ut
946 882 1131 998 Principes
1157 886 1226 964 sint
1250 907 1290 964 er

91 977 242 1072 satrapae
260 978 416 1080 urbium,
433 999 479 1054 ve
535 975 794 1070 rovinciarum,
821 979 988 1078 Caliphae
1003 979 1160 1079 subjecti.
1205 984 1289 1060 Cim

92 1071 185 1168 sipsrur
217 1096 370 1166 nornen,
405 1097 426 1150 a
457 1067 493 1204 ἢ
525 1072 565 1167 Π
578 1069 893 1182 substitutor-fuit,
918 1075 1094 1168 succefflt,
1119 1079 1293 1177 competit

92 1166 327 1252 successoribus
358 1169 639 1258 Muharumeuis,
683 1193 741 1264 qur
764 1172 892 1246 divinis
969 1173 1104 1248 raesunt
1132 1177 1234 1252 rebur
1253 1195 1292 1250 et

95 1263 260 1358 humanis,
284 1287 323 1342 et
338 1267 487 1342 Amiroei
502 1267 554 1344 est
568 1269 610 1342 ab
630 1265 743 1362 'ms
762 1268 870 1357 dixit,
888 1195 1009 1364 suffit,
1035 1289 1073 1342 et
1088 1269 1294 1367 praecepit,

101 1361 178 1456 quod
198 1361 344 1472 satrapis
367 1361 418 1438 est
440 1363 559 1438 datum
583 1361 644 1440 sub
672 1363 828 1462 calipha
881 1367 988 1438 Ornat
1012 1386 1119 1453 vero,
1140 1365 1203 1463 ,qui
1228 1365 1294 1480 ipfi

99 1453 166 1552 post
185 1460 366 1534 biennium
388 1458 568 1551 succeffit,
593 1459 770 1557 inperium
791 1459 898 1556 longe
921 1461 1060 1557 iateque
1084 1483 1293 1564 promovit,

95 1552 270 1648 adpellatut
295 1577 484 1656 propterea
501 1555 635 1630 eximie
658 1557 756 1634 Emit
773 1556 1047 1646 Esmuromim'm,
1071 1557 1107 1632 h.
1133 1581 1166 1634 e.
1197 1556 1295 1655 prin-

97 1669 171 1746 ceps
198 1651 440 1743 credentium,
466 1651 558 1726 unde
582 1650 708 1726 Graeci
729 1671 899 1750 corrupte
921 1653 1084 1728 fecerunt
1104 1657 1296 1732 narramur.

98 1767 173 1820 num.
195 1753 197 1756 ’
223 1747 326 1846 Cepit
347 1747 554 1822 Damascum
581 1767 619 1822 et
634 1745 850 1824 Phoeniciae
873 1748 1095 1845 provincias,
1126 1747 1192 1848 ipst
1215 1751 1297 1828 AE-

98 1862 197 1940 gypto
220 1843 388 1920 tributum
413 1841 589 1958 inposuit,
630 1843 916 1954 Hierosolympm
938 1843 1019 2015 post
1043 1845 1177 1923 biennii
1207 1850 1297 1928 obst·

98 1937 807 2146 isesseiffiiiiiasiff‘ssiisihii
822 1939 1067 2146 iiiiii,
1087 1943 1301 2148 1353&ss

98 2149 139 2204 trs
159 2131 349 2208 vindictam
378 2131 535 2209 divinam
567 2129 821 2222 confideravrt,
854 2131 1061 2221 Zacharrar,
1100 2133 1301 2213 Patrtatcha

97 2226 440 2328 Hierosolymitanun,
463 2227 500 2308 iu
525 2226 670 2303 exilium
689 2225 876 2318 aaaron,
901 2224 1098 2323 inepistola
1115 2230 1158 2304 ad
1175 2231 1300 2313 fideles

97 2331 170 2398 suos
191 2324 241 2401 ibi
264 2323 429 2416 reticos,
457 2323 503 2411 ¹in
522 2322 616 2418 ‚uiui
641 2323 699 2396 M.
731 2323 768 2398 P.
792 2325 866 2398 voi.
891 2323 974 2396 XII.
1019 2322 1210 2400 ‚Praeterea
1235 2330 1301 2404 Pa·

98 2420 271 2511 laestiuam
283 2419 498 2519 subjugavit,
522 2419 680 2516 Syriam,
703 2439 785 2490 cum
807 2415 881 2514 ipsa
898 2413 1113 2506 Antiochia,
1140 2415 1199 2494 fibi
1223 2422 1302 2496 sun·

95 2517 200 2614 jecit,
241 2517 389 2615 denique
421 2535 531 2591 totam
557 2509 876 2610 Mesopotamiam,
900 2530 938 2587 et
959 2511 1206 2592 Alexandriam
1224 2515 1306 2594 AE-

96 2617 223 2712 gypti,
251 2617 331 2688 imo
353 2611 526 2690 Perficurn
551 2630 698 2708 regnum
722 2607 797 2696 sete
821 2606 1011 2702 destruxit,
1034 2632 1206 2710 occupata
1222 2616 1307 2694 Mc·

98 2715 215 2802 anina,
256 2709 294 2786 in
322 2733 390 2808 qua
420 2703 571 2802 thesauri
599 2705 839 2814 regirerant,
877 2706 985 2802 usque
1023 2705 1065 2782 ad
1102 2728 1158 2783 ter
1179 2708 1307 2790 millias

98 2811 189 2884 mille
203 2805 313 2882 millia
329 2827 524 2882 aureorum.
572 2801 663 2893 Hic,
689 2803 775 2878 lrcet
795 2819 911 2878 tantur
933 2802 1062 2890 heroa,
1085 2799 1224 2882 suornm
1241 2808 1305 2884 do-

99 2901 205 3074 lcohest
229 2901 385 2995 occisur,
410 2921 558 2992 cumro
575 2918 683 2974 annor
696 2895 923 2996 praefuisset,
945 2918 977 2972 a.
1002 2895 1099 2998 Heg.
1126 2921 1209 3000 ap,
1235 2927 1306 2984 aen

148 3025 175 3078 r,
275 3057 284 3078 ,
1261 3065 1292 3074 ..

147 3097 177 3198 i.
200 3010 350 3175 iiim.
375 3094 447 3170 Sub
462 3087 687 3181 Ostmanno,
700 3087 894 3172 successore
909 3088 1018 3184 ejur,
1034 3089 1185 3187 primam
1201 3090 1313 3174 susco-

101 3215 226 3288 perunt
250 3197 299 3290 ip,
312 3189 470 3268 Africam
493 3183 758 3300 expeditionem
766 3213 784 3280 ,·
802 3203 949 3282 eamque
972 3184 1187 3297 tributariam
1214 3189 1313 3288 sece-

100 3313 201 3387 runt,
228 3295 386 3392 Cyprum
413 3284 520 3360 etiarn
536 3281 739 3359 invaserunt
761 3304 842 3359 cum
871 3303 966 3374 1700
981 3286 1148 3377 uambae,
1175 3302 1213 3364 ct
1232 3285 1312 3362 sub·
1431 3383 1435 3388 Ι

96 3391 413 3489 jugarunttotum
436 3401 575 3479 quoque
606 3400 755 3475 regnum
779 3373 963 3454 Persicum.
1005 3377 1128 3493 Quid?
1162 3380 1255 3480 quod
1272 3380 1313 3460 in

100 3487 174 3587 ipsa
200 3484 325 3562 Sicilia
357 3484 431 3580 jam
454 3477 553 3552 seder
584 3473 749 3567 fixerint,
790 3497 871 3552 ¹curu
904 3475 1089 3574 Olympum
1111 3477 1229 3552 Roma
1252 3473 1317 3552 aa·

98 3585 223 3660 versus
254 3606 316 3658 eos
345 3591 502 3654 narratur
534 3569 724 3668 profeciur.
771 3569 928 3649 Praefuit
965 3589 1004 3648 et
1035 3572 1048 3648 i
1078 3569 1112 3646 se
1145 3594 1227 3648 anm
1255 3590 1314 3644 ro
1440 3625 1443 3634 .

100 3685 172 3760 Sed
194 3677 278 3774 post
302 3676 379 3776 ejur
400 3687 554 3750 mortem
579 3664 668 3746 stiffi
689 3669 788 3762 sunt,
822 3669 925 3752 causa
947 3597 1149 3753 umeiorir
1178 3663 1218 3740 in
1243 3662 1321 3756 eiua

686 3763 727 3843 V
750 3785 774 3841 a
1195 3757 1328 3890 locum,
