3104 4814
112 606 116 611 .
171 579 227 723 ho
564 595 712 728 Historia
734 624 862 729 Eccles.
876 600 1006 732 Christ.

177 798 277 909 ¹torio
309 793 454 881 testatur
479 807 659 885 Maximus
689 808 723 882 in
745 809 870 906 disput.
895 832 976 886 cum
1003 794 1152 909 Pyrrho.
1196 793 1290 888 ΚΜ.
1313 809 1403 910 quo?

182 918 251 991 que
277 899 389 972 verba
425 903 523 980 Eliae
554 905 758 980 Nestoriani
799 906 891 1004 apud
923 903 1111 984 Alleman..
1138 901 1225 983 Bibl.
1258 908 1406 989 onem.

181 1009 208 1063 t.
235 991 263 1065 l·
285 1019 325 1162 E
350 1017 434 1092 547.
461 1003 730 1075 etBarhebraei
759 1000 845 1077 ibid.
869 1020 954 1078 tom.
981 1005 1030 1080 11.
1055 1029 1092 1100 p.
1120 1025 1202 1095 292.
1265 1044 1269 1053 ·
1387 1016 1393 1021 '

181 1177 191 1196 .
229 1085 261 1184 h.
319 1090 380 1165 XI.
412 1096 466 1170 Ex
491 1097 614 1195 quibus
639 1094 821 1193 disputatis
845 1120 882 1170 er
907 1100 1021 1195 capita
1037 1094 1331 1188 Monothelil'rni,
1356 1110 1398 1171 er

179 1198 261 1256 ande
287 1209 389 1261 natae
411 1190 504 1265 inter
531 1217 591 1266 eos
613 1214 654 1266 uc
672 1194 901 1267 Orthodoxos
916 1197 1105 1269 acerrimae
1123 1194 1398 1285 contentiones,

177 1275 270 1353 haud
297 1284 441 1362 obscure
464 1290 673 1362 elucescunt.
725 1312 756 1364 1.
790 1288 1024 1386 Operationes
1047 1288 1400 1366 Christivoluerunt

160 1374 445 1484 ”Monothelitae
474 1387 518 1458 ab
544 1408 608 1458 uua
634 1384 800 1481 persona,
824 1388 882 1459 l'ed
907 1386 1080 1460 Catholici
1104 1411 1124 1462 a
1148 1389 1272 1460 duabus
1294 1387 1398 1459 nam

173 1482 225 1543 'rus
252 1473 513 1571 denominatam
545 1482 638 1556 unde
663 1479 708 1553 illi
726 1505 844 1570 anain,
870 1480 906 1554 hi
929 1484 1031 1572 duas,
1056 1481 1129 1556 dici
1151 1483 1281 1556 debere
1307 1501 1398 1556 con·

179 1575 391 1666 tenderunt,
425 1577 582 1674 adeoque
613 1575 663 1651 illi
688 1600 786 1651 uram
811 1577 1042 1652 Dei-virilem
1066 1578 1330 1673 operationem,
1356 1573 1397 1651 hi

179 1683 318 1742 tantum
343 1692 381 1743 et
410 1672 630 1768 limpliciter,
655 1669 772 1746 omilla
797 1695 889 1746 voce
913 1698 1031 1764 unam,
1064 1671 1315 1763 Dei-virilem,
1339 1671 1396 1746 di·
1424 1707 1427 1711 ·

170 1764 322 1837 'cendam
343 1766 568 1859 censuerunt,
595 1767 682 1843 Vid.
714 1767 845 1864 Synod.
876 1770 1037 1843 Lateran.
1059 1769 1122 1843 sub
1146 1768 1309 1844 Marriuo
1330 1768 1394 1841 Se·

176 1879 301 1935 cretar.
327 1862 376 1936 V.
426 1885 458 1938 a.
484 1863 749 1938 Monothelitae
783 1883 903 1936 omnes
934 1865 1105 1939 humanae
1138 1884 1280 1939 naturae
1306 1876 1396 1960 'pro-

90 2027 93 2036 ,
174 1954 270 2050 prias
295 1955 484 2035 volitiones
508 1981 546 2036 et
568 1958 787 2056 operationes
811 1960 966 2035 absolute
997 1957 1220 2056 subjecerunt
1248 1978 1395 2037 naturae

173 2048 336 2146 divinae,
361 2074 398 2128 et
422 2058 465 2131 ab
487 2078 529 2130 ea
552 2054 770 2144 derivarunt,
797 2072 834 2129 ut
857 2078 914 2130 eas
937 2054 1150 2146 sustulerint,
1177 2075 1215 2128 et
1241 2069 1307 2152 p'ro
1321 2074 1397 2129 tnt-

57 2156 62 2165 “
164 2144 209 2231 ,lo
232 2148 464 2226 instrumento
493 2151 691 2227 habuerint.
748 2152 923 2226 Catholici
956 2174 1042 2226 vero
1073 2149 1269 2248 supremum
1302 2150 1423 2227 voli·.

163 2242 310 2321 'tionum
337 2266 375 2322 er
395 2247 637 2346 operationum
663 2245 880 2344 principium
903 2268 1127 2344 agnoverunt
1153 2247 1297 2346 quidem
1328 2268 1392 2321 na·

163 2345 287 2434 ,turam
313 2343 491 2434 divinam,
534 2362 573 2418 ut
597 2341 759 2417 notabilia
785 2364 905 2416 eorum
933 2346 1040 2418 verba
1071 2344 1201 2418 habent
1232 2343 1274 2415 in'
1301 2362 1391 2415 con·

171 2435 320 2515 feffione
342 2440 427 2515 fidei
455 2440 590 2538 Synodi
618 2440 749 2528 Vltus,
781 2438 839 2512 sed
865 2438 935 2527 ita,
959 2458 999 2513 ut
1022 2439 1206 2514 humanam
1230 2456 1392 2514 naturam

161 2546 246 2625 ,bon
269 2559 335 2632 pro
384 2558 448 2608 uro
471 2534 721 2623 instrumento,
746 2535 804 2607 sed
830 2553 868 2607 er
890 2533 1070 2631 principio
1094 2533 1240 2631 proprio
1263 2554 1390 2642 opera-

170 2627 331 2724 tionum,
356 2562 550 2708 habuerint.
601 2631 700 2731 Quae
724 2649 799 2703 erat
821 2631 865 2704 de
882 2631 1025 2704 nornine
1053 2650 1092 2703 et
1106 2631 1202 2705 sensu
1219 2627 1390 2704 vocrsin·

162 2724 376 2821 strumenti,
410 2738 448 2802 et
465 2725 600 2826 organi,
627 2725 829 2823 disputatio.
879 2748 912 2820 3.
940 2725 1202 2800 Monothelitae
1218 2723 1389 2806 videntur

170 2822 273 2910 luiffe
296 2823 602 2924 Aphtardocetae‚
643 2847 790 2921 quorum
815 2821 978 2896 notitiam
1002 2821 1085 2896 dedi
1109 2820 1177 2896 sec.
1204 2822 1296 2928 VL-
1312 2820 1385 2896 Sed

168 2943 206 3010 4.
229 2924 335 2999 conse
361 2921 478 2995 nentia
502 2921 675 3014 utriusque
700 2920 808 3017 partis
825 2918 1048 3017 praecipuum
1068 2915 1314 3015 disputationis
1328 2937 1387 2992 ca·

197 3036 236 3091 ut
262 2947 531 3093 conhituerunt.
578 3017 840 3088 Monothelitae
865 3016 1072 3112 objecerunt
1099 3014 1287 3088 Catholicis
1319 3036 1386 3086 vo·
1424 3072 1428 3080 .

116 3187 119 3196 ,
169 3039 333 3189 brionum
364 3111 401 3186 in
435 3108 571 3184 Christo
605 3107 887 3204 discrepantiam,
926 3133 970 3184 ex
1002 3110 1143 3183 diversis
1172 3105 1314 3183 volendi
1346 3126 1386 3183 et

169 3210 339 3308 operandi
364 3206 562 3305 principiis,
590 3225 627 3279 ut
651 3207 841 3298 putabant,
865 3205 1068 3293 oriundam3
1127 3222 1280 3279 raeterea
1304 3204 1386 3278 uui·

168 3307 304 3385 tionem
331 3325 529 3379 naturarum
559 3304 602 3376 ab
627 3300 693 3372 illis
723 3298 887 3390 inminui,
926 3322 963 3373 et
988 3325 1049 3375 eos
1074 3231 1124 3376 ai
1150 3298 1385 3376 Nestorianis·

169 3427 264 3492 mum
290 3423 450 3499 vergere.
501 3394 675 3471 Catholici
702 3419 789 3469 vero
812 3397 853 3468 ab
879 3397 983 3470 altera
1016 3416 1135 3491 parte,
1176 3397 1384 3491 inpucarunt

153 3498 379 3579 'adversariis
430 3527 463 3570 a.
487 3491 832 3590 Eutychianilmum‚
850 3512 887 3564 et
902 3512 1098 3567 naturarum
1114 3491 1382 3582 confusionem,

154 3588 206 3695 β.
231 3594 434 3673 naturalium
461 3589 660 3664 facultatum
687 3587 857 3664 humanae
891 3608 1031 3662 naturae
1062 3588 1304 3687 negationem,
1342 3604 1384 3661 et

167 3695 340 3784 eomodo
367 3711 487 3766 contra
510 3708 572 3758 eos
592 3685 825 3779 disputarunt,
851 3715 886 3781 y.
909 3687 982 3759 imo
1008 3687 1155 3760 animam
1171 3682 1379 3759 rationalem

169 3821 231 3874 eos
254 3787 391 3868 Christo
409 3784 566 3882 eripere,
584 3805 671 3878 quae
690 3783 908 3878 Apollinaria
924 3803 997 3855 erat
1013 3782 1172 3857 haerens.
1197 3783 1279 3877 Joh.
1305 3778 1380 3853 Da·
1443 3836 1446 3841 .

167 3893 342 3971 mascenus
369 3885 413 3959 de
437 3880 565 3956 haerel.
591 3899 622 3950 c.
649 3902 707 3969 99.
733 3874 857 3966 tradit,
882 3901 943 3950 eos
959 3877 1040 3952 duas
1058 3879 1198 3975 quidem
1215 3895 1376 3968 naturas,

168 4013 208 4069 et
238 4011 338 4064 unam
370 3973 585 4079 hypostasin,
611 3968 787 4062 statuere,
828 3973 886 4047 sed
917 3997 1017 4048 unam
1051 3976 1293 4058 voluntatem,
1332 3993 1376 4045 ac

146 4111 268 4193 ,mam
283 4079 543 4189 operationem,
568 4091 676 4168 eaque
695 4074 833 4149 ratione
858 4068 1034 4168 duplicem
1049 4088 1207 4146 naturam
1225 4068 1379 4159 tollere,
1414 4138 1417 4143 ,

716 4220 719 4225 -
758 4200 762 4207 ·
1339 4182 1380 4238 et
