3130 4468
168 179 176 194 “
265 215 337 292 en,
662 171 1106 306 mussitationis.

215 465 221 474 ,
311 381 345 482 §.
369 379 520 458 DLXX.
552 377 746 482 Proscriptt
769 407 881 486 porro
910 381 1037 459 eodem
1058 380 1099 458 iu
1133 379 1293 463 concilio
1326 381 1379 463 eli
1405 383 1492 462 lite·

266 489 348 555 retis
371 479 593 572 Simoniaca,
626 479 775 556 decreto
801 479 920 573 fusio,
954 480 1173 555 simoniacos
1202 479 1276 556 else
1309 485 1488 581 deponen-

261 579 349 666 dos,
386 575 445 650 sed
480 578 525 650 ab
548 576 590 651 iit
613 576 722 676 gratis
754 575 934 654 ordinatos
957 575 996 652 iu
1028 597 1174 650 munem
1198 576 1271 654 effe
1297 581 1486 668 mansuros,

263 691 311 746 ex
336 673 404 746 sola
427 671 708 769 dispensatione,
733 672 861 772 absque
884 695 922 748 ur
947 673 985 747 in
1010 671 1209 768 exemplum
1235 677 1411 766 trahatur,
1432 677 1488 750 ad·

265 771 340 843 dita
363 769 597 862 depositionis
622 769 818 860 sententia,
852 769 877 843 ss
899 771 978 862 quis
1001 769 1038 842 iu
1061 769 1239 937 posterum
1269 772 1306 846 se
1329 795 1351 847 a
1375 775 1491 848 Simo·

255 866 370 938 niaco
400 863 599 941 consecrari
629 867 767 941 smeret.
819 865 919 966 Quae
948 886 995 939 ex
1029 865 1117 939 aiis
1148 866 1282 964 synodi
1311 869 1487 956 coustant,

245 981 305 1036 'ct
327 959 493 1036 Damiani
523 959 692 1060 opusculo
716 985 773 1060 30.
804 985 881 1058 cap.
908 962 936 1040 s.
987 961 1092 1036 Sacra
1115 981 1300 1058 praeterea
1331 963 1413 1039 suut
1437 964 1491 1040 in·

256 1060 533 1136 continentibus
565 1059 712 1133 clericis
743 1057 937 1134 interdidia.
985 1055 1086 1156 Quae
1112 1061 1257 1134 decreta
1288 1079 1414 1136 contra
1438 1059 1488 1134 si·

263 1153 447 1230 moniacos
478 1175 518 1229 et
547 1155 744 1230 Nicolaitae
774 1156 864 1252 (ltoc
897 1151 992 1226 enim
1022 1152 1169 1226 nomine
1203 1155 1320 1230 notati
1349 1154 1490 1232 suerunt

255 1251 529 1328 incontinentes
559 1251 689 1327 Clerici
719 1249 756 1326 in
787 1249 937 1325 Ecclesia
968 1247 1258 1340 Mediolanense,
1299 1253 1361 1328 ubi
1393 1254 1493 1350 liujus

255 1349 319 1424 ·rel
348 1344 447 1424 causa
478 1345 621 1424 schisma
652 1364 725 1420 erat
752 1341 888 1442 natum)
920 1363 960 1418 ut
992 1344 1196 1420 executioni
1225 1347 1491 1440 mandarentur,

264 1441 392 1542 Legati
414 1441 457 1518 td
487 1441 677 1518 Ecclesiam
700 1440 1002 1516 Mediolanensem
1035 1439 1124 1514 miffi
1155 1441 1235 1518 suut
1268 1441 1395 1520 Petrus
1422 1445 1493 1523 Da·

257 1543 396 1629 -rniani,
418 1558 456 1613 et
479 1539 660 1613 Anselmus
680 1535 856 1614 Lucensis.
905 1537 1001 1637 Qui,
1032 1557 1116 1613 eum
1140 1537 1204 1612 vir
1230 1557 1340 1614 unum
1361 1541 1413 1614 ibi
1434 1545 1491 1616 ia-

264 1639 431 1716 venirent
462 1634 661 1724 Clericum,
687 1634 747 1730 qui
771 1634 930 1708 ordinem
955 1654 1024 1707 non
1049 1631 1209 1722 emisset,
1233 1653 1294 1706 aut
1311 1635 1485 1710 foeminae

255 1727 517 1810 consuetudine
553 1750 624 1803 uon
656 1729 733 1804 usus
758 1727 893 1818 suisset,
934 1750 1009 1803 rem
1045 1751 1092 1804 eo
1115 1725 1295 1803 adduxilie
1323 1733 1483 1810 contenti

263 1832 429 1918 suerunt,
464 1843 504 1900 ut
529 1847 654 1901 omues
675 1825 862 1902 solenniter
909 1827 1158 1914 romittcrent,
1190 1825 1225 1898 se
1249 1824 1287 1898 in
1310 1828 1484 1924 posterum

254 1925 302 2001 ei
326 1922 420 2000 mori
446 1921 515 1997 else
545 1921 823 2000 renunciaturos
874 1849 978 2023 &uod
1013 1917 1155 2018 quidem
1185 1918 1364 2014 feceruut,
1397 1945 1481 2020 poe·

259 2018 416 2098 nitentia
438 2017 546 2094 etiam
569 2015 663 2110 aeia,
694 2019 752 2094 sed
777 2015 895 2116 postea
924 2017 1051 2092 eodem
1084 2016 1233 2114 prolapsi
1257 2017 1348 2094 sunt.
1393 2020 1482 2097 Vid.
1535 2099 1538 2106 ,

256 2115 431 2196 ·Daniani
458 2113 659 2212 opusculum
685 2115 757 2205 V.‚
790 2113 883 2214 quod
915 2111 1114 2188 inscribitur
1142 2115 1235 2186 anus
1259 2116 1486 2193 Mediolanen-

255 2217 329 2316 ses.
379 2213 608 2308 Contigerant
627 2211 713 2286 haec
734 2233 765 2284 a.
794 2229 903 2299 1059·
951 2207 1106 2283 Eandem
1124 2207 1285 2286 etiamin
1302 2235 1376 2290 rem
1394 2215 1482 2290 Mel.

267 2315 395 2412 pltiae,
428 2331 516 2404 quse
540 2305 591 2381 est
616 2303 788 2381 Lucaniae
813 2309 911 2396 urbs,
944 2301 1176 2405 Episcopatu,
1206 2303 1378 2384 Romano
1395 2311 1481 2386 Pon·
1563 2359 1564 2364 Ν

237 2409 356 2483 ·'tifici
380 2405 574 2478 immediate
597 2399 776 2497 subjecto,
810 2418 931 2476 ornata
955 2421 975 2472 a
995 2397 1169 2488 Nicolao,
1209 2401 1387 2498 uthdocet
1409 2407 1478 2504 Ug-

255 2502 344 2578 nell.
370 2502 444 2574 itai.
470 2499 504 2572 S.
532 2499 692 2583 tom.1.‚
733 2497 911 2592 synodum
941 2514 1067 2570 contra
1099 2495 1368 2578 incontinentes
1393 2506 1480 2577 cele·

261 2597 401 2674 brevit:
442 2615 482 2668 ut
522 2615 566 2667 er
599 2591 778 2667 Gulielmo
812 2589 998 2688 slpuliense
1037 2589 1077 2663 in
1109 2611 1281 2688 poemate·
1310 2596 1480 2693 degessit
1562 2613 1563 2644 ¹

262 2699 522 2772 Normannurunt
546 2693 580 2764 in
597 2689 703 2764 Italia
729 2706 844 2761 nanae
868 2669 951 2784 Pagi
970 2684 1017 2760 ad
1040 2687 1163 2763 Baton.
1213 2689 1382 2792 Denique
1396 2695 1479 2772 duos

255 2790 360 2868 misit
379 2786 418 2864 in
442 2787 591 2862 Galliam
613 2787 761 2876 legatos,
786 2784 934 2857 alterum
958 2782 1175 2879 Stephanum
1200 2781 1475 2874 cardinalemin

264 2883 511 2984 Aquitaniam,
551 2880 611 2976 qui
635 2883 672 2954 T
674 2878 843 2954 turonense
868 2877 991 2952 habuit
1020 2877 1236 2970 concilium,
1269 2883 1412 2958 altemm
1434 2886 1472 2960 iu

109 3041 114 3054 .
251 2983 348 3064 'alias
368 2979 499 3055 Galliae
517 2996 651 3074 partes,
677 2973 735 3070 qui
760 2972 952 3047 Aveniono
974 2970 1065 3044 idern
1088 2971 1175 3050 fecit
1192 2999 1222 3050 a.
1236 2985 1344 3053 1060.
1370 2981 1475 3056 Dum

259 3099 347 3156 nata
372 3073 449 3147 sont
473 3075 512 3148 in
537 3071 652 3166 priore
675 3069 765 3144 vitia
789 3067 970 3168 pauentia
993 3067 1164 3161 plurima,
1198 3072 1251 3146 uti
1275 3075 1469 3168 simoniae,
1560 3099 1561 3122 ¹

258 3169 471 3275 pluralitatis
501 3163 776 3253 beneficiorum,
814 3163 1022 3260 receptionis
1047 3162 1226 3256 alaricis,
1269 3167 1469 3246 incestarum

261 3257 1242 3438 ”¹²lllsnttzll‘ll0lnlisti-‘illinis
1263 3267 1467 3442 illis

258 3391 311 3446 no
1224 3414 1235 3453 t

263 3461 369 3552 pontis
394 3452 634 3530 conciliorum.

310 3558 342 3658 5.
369 3549 534 3628 DLXXI.
577 3547 717 3622 Praeter
750 3547 838 3656 haec
859 3543 1105 3657 Pontificatum
1145 3548 1221 3658 ejus
1253 3551 1469 3643 nobifinvit,
1558 3597 1559 3628 ,

92 3655 98 3666 .
201 3655 205 3670 ·
261 3651 357 3766 puod
388 3673 419 3728 1.
444 3643 662 3737 mundun,
692 3644 843 3772 Augltae
867 3639 1025 3789 Regem,
1063 3665 1103 3725 tn
1135 3641 1347 3726 societatem
1369 3647 1473 3726 fissos-

1383 3737 1470 3843 petit
