3104 4814
148 574 231 673 030
547 543 995 665 tonoreuaostentn.

155 756 219 828 uni
251 766 323 826 oeta
348 735 603 838 Domino'fonte
632 745 887 840 regenerationis
898 741 1101 841 samanar:
1132 728 1253 846 empne
1269 732 1363 847 sautu

158 847 332 948 fundum,
360 857 392 917 et
417 837 592 935 pretiosum
622 864 644 912 o
670 845 704 914 ni
724 839 826 958 nostri
847 837 1068 938 sanguimen,
1096 864 1158 940 quo
1187 869 1212 918 a
1280 854 1363 925 etati

163 943 299 1020 retenti
322 936 441 1036 sumus
456 989 486 1047 ⁹.
507 938 607 1009 denuo
632 863 709 1048 ‘igi-eo
748 962 784 1012 ιιι
808 954 868 1032 pro
888 942 988 1010 edum
1007 934 1137 1036 solutis
1166 860 1298 1037 amigo
1329 944 1363 1019 iu

166 1044 334 1116 notantes.
384 1033 509 1134 Qualia
535 1052 573 1107 et
597 1028 677 1108 altbt
699 1035 791 1132 apud
817 1055 898 1108 eum
922 1053 1123 1112 occunuut
1158 1034 1275 1113 Mitro
1299 1056 1363 1139 ομ

163 1158 206 1211 ue
232 1135 351 1233 spurio
375 1131 422 1205 de
446 1129 568 1203 diuinis
590 1126 737 1225 afficite
764 1128 857 1226 quod
883 1129 1027 1208 Alcuiui
1049 1152 1181 1208 nomeu
1200 1128 1362 1231 perciet

66 1274 69 1279 -
165 1232 295 1307 sedeo
322 1224 589 1316 esttecentiue,
621 1225 817 1301 daiirinant
848 1225 985 1318 Caroli,
1019 1228 1079 1303 seu
1107 1229 1246 1305 autoria
1275 1228 1362 1311 utere

165 1352 244 1405 tum
262 1326 307 1401 de
324 1320 559 1492 lmffinibm’
581 1323 702 1417 paucis
716 1320 904 1420 proferam.
934 1321 1014 1399 Lib.
1038 1324 1087 1400 11.
1113 1345 1146 1401 c.
1165 1344 1227 1418 27.
1250 1328 1362 1425 paud

135 1485 140 1494 .
164 1445 203 1500 et
228 1424 352 1498 viuum
376 1444 395 1492 e
436 1416 471 1493 ci
495 1417 623 1493 dicitur
644 1440 773 1516 corpus
801 1436 841 1493 et
866 1417 1071 1514 sanguinem
1094 1418 1223 1499 Christi
1243 1443 1362 1522 opem

168 1540 200 1598 te
224 1517 430 1608 inoifioiiiter
454 1515 580 1609 Spiritu
602 1512 680 1591 Dei.
727 1513 1016 1613 Reprehenditur
1037 1516 1060 1589 t.
1093 1515 1163 1592 IV:
1196 1538 1255 1608 24„
1288 1518 1362 1595 Gn

166 1615 284 1717 gorius
309 1610 572 1689 Neocaesareae
605 1610 816 1709 Episcopus,
847 1611 938 1707 quod
972 1610 1009 1685 in
1041 1610 1187 1709 Synodo
1214 1612 1362 1691 Nicaeu'

166 1708 412 1789 eucharistiam
445 1707 674 1804 adpellaverit
705 1709 879 1803 imaginem
912 1703 1063 1801 Christi,
1106 1729 1190 1784 cum
1219 1733 1273 1787 rer
1306 1708 1362 1809 ipi

57 1816 61 1826 '
167 1809 241 1885 dici
266 1806 413 1882 debeat:
456 1800 515 1876 sed
539 1822 603 1897 pet
627 1806 797 1899 imaginem
828 1799 943 1878 intelli
969 1802 1059 1895 itur,
1100 1821 1141 1878 ut
1170 1826 1256 1881 mox
1281 1804 1362 1885 nodi

170 1925 247 1996 tut,
276 1898 536 2006 praefiguratio,
562 1915 601 1971 ut
621 1898 709 1975 Vet.
737 1897 837 1974 Test.
861 1826 1108 1999 typiiuerunt.
1158 1902 1265 1979 Unde
1319 1922 1362 1981 uu

167 2024 237 2172 que
261 2014 360 2095 patet
375 2047 388 2085 ‚
403 1990 496 2165 ³quud
519 1991 555 2066 iu
580 1997 653 2090 typi
674 2018 785 2087 voce,
816 1993 1053 2072 Eucharistiae
1076 1996 1230 2089 tributio,

195 2093 264 2170 etit
288 2092 382 2167 inter
435 2086 470 2163 ia
488 2088 655 2168 Veteres.
701 2094 865 2166 Ceterum
888 2089 1097 2166 eucharistia
1123 2093 1160 2169 in
1191 2098 1361 2171 memoriae

15 2226 25 2233 -
167 2186 331 2268 sacrificii
364 2184 476 2262 crucia
506 2182 636 2261 dicitur
672 2184 829 2285 quotidie
858 2186 900 2262 ad
934 2191 1014 2262 remi
1041 2211 1145 2266 eonem
1175 2205 1361 2287 peecatum

33 2294 38 2299 '
167 2284 311 2376 offerti,
343 2280 402 2357 sed
426 2281 528 2378 supet
547 2281 640 2356 altari
657 2282 694 2356 in
719 2285 1089 2379 coeio,argu1nento,
1113 2285 1271 2363 habitam
1301 2302 1361 2365 uu

168 2381 269 2458 fuiffe
295 2377 501 2457 sacrificium
526 2385 861 2474 commemoratiourn,
886 2381 979 2479 quod
1013 2405 1034 2456 a
1063 2384 1178 2459 crucis
1210 2382 1361 2465 sacrifici

165 2480 241 2558 vitu
268 2475 362 2552 suam
388 2474 532 2571 accipit.

214 2575 248 2678 q.
273 2573 430 2648 CCXIII.
463 2569 529 2645 Cui
553 2569 734 2648 dotrinae
754 2573 856 2671 piane
877 2571 1052 2651 convenit
1075 2573 1164 2650 ordo
1184 2573 1361 2665 Romame

170 2670 232 2750 sed
258 2668 399 2746 Miffule
424 2664 609 2742 Galliarum
634 2670 832 2768 antiquum,
856 2670 929 2747 stve
953 2668 1171 2763 Gothicum,
1203 2671 1361 2750 fortiffin

167 2767 333 2867 loquitur.
384 2761 493 2838 Missa
516 2763 755 2860 dominicalis,
793 2790 880 2865 quae
903 2765 955 2842 est
979 2774 1080 2845 80mo
1103 2766 1194 2866 apud
1223 2766 1361 2849 Mab‘ile

172 2867 287 2952 nium,
312 2863 362 2936 ita
386 2859 512 2950 habet,
532 2881 704 2955 precamur
725 2881 829 2938 mente
853 2865 968 2940 derata
989 2860 1055 2952 Te,
1082 2860 1251 2962 Majestat
1276 2882 1361 2944 oeteo

173 2985 239 3048 na,
279 2972 317 3028 ut
338 2968 486 3046 operante
511 2959 632 3028 virtute
651 2979 769 3053 panem
793 2978 953 3034 mutatum
976 2960 1011 3030 in
1036 2982 1133 3034 carne
1158 2959 1211 3061 (h.
1244 2983 1279 3037 e.
1310 2984 1361 3041 cat

152 3046 275 3149 netu)
298 3047 440 3143 poeninon
464 3046 589 3144 tersum
613 3054 819 3148 insanguine
842 3053 1078 3155 (sanguinem)
1102 3056 1193 3132 iilum
1210 3053 1360 3168 sumunt

147 3147 362 3237 derelict,
403 3147 519 3241 quide
547 3145 591 3220 Te
614 3145 725 3244 fluxit
756 3173 777 3222 a
807 3175 899 3225 eruce
931 3177 973 3227 ee
1003 3154 1116 3229 latere.
1165 3153 1267 3228 Nihil
1299 3154 1360 3233 liet

178 3249 223 3324 de
261 3239 472 3318 substantiali
503 3246 701 3319 mutatione
738 3245 800 3321 hic
833 3248 1049 3346 reperiatur,
1089 3247 1231 3324 dubium
1268 3265 1360 3329 tame

177 3336 345 3427 nonest,
380 3337 466 3435 quin
490 3337 886 3436 eJusmodiIocutiones
913 3344 1006 3419 viam
1032 3343 1074 3419 ad
1107 3343 1360 3425 transubstantit

178 3441 315 3517 tionem
333 3432 530 3533 straverint.
576 3434 708 3511 Rursus
722 3437 805 3514 ibid.
832 3463 944 3538 eorpus
960 3456 1069 3532 tuum,
1091 3447 1261 3539 pronubis
1284 3466 1360 3521 erue

179 3540 284 3639 fiaurn
306 3534 447 3623 edimus,
478 3548 512 3604 et
525 3528 592 3703 {qn
619 3537 722 3608 uitem
742 3540 889 3626 sannam
910 3554 1001 3612 tuum
1029 3556 1088 3633 pro
1111 3542 1201 3614 nobie
1225 3536 1360 3640 effusum

177 3636 330 3710 bibimus.
381 3629 450 3702 Sed
472 3626 511 3702 in
588 3557 621 3703 ὅ

179 3735 259 3809 nina
275 3727 437 3808 mutauit,
463 3747 546 3799 nune
562 3729 596 3801 r'n
603 3727 904 3825 sanguinemsuum
928 3733 1122 3811 oblationum
1145 3734 1360 3826 nostrarum

179 3852 224 3906 na
256 3833 433 3896 convertat.
482 3818 582 3931 Quae
613 3826 831 3922 comparatio
862 3851 936 3902 non
965 3828 1109 3938 requirit
1142 3827 1360 3909 Transubstat

183 3919 391 4005 tiationem,
423 3935 505 3987 cum
537 3914 612 4010 opsa
634 3916 768 4015 specIee
791 3938 828 3992 et
852 3920 964 3998 torma
988 3925 1064 3999 voni
1089 3944 1174 4001 tunc
1207 3925 1359 4025 petiiffet

179 4022 240 4104 sed
265 4013 467 4120 qualitatum
489 4025 623 4086 tautum
648 4013 804 4092 envotvu
835 4023 1083 4100 mutationem.
1132 4023 1241 4123 Quod
1271 4023 1359 4198 Τίᾶει

182 4158 187 4167 .
230 4154 234 4165 ι
731 4174 744 4190 ⁴
810 4148 813 4153 ·
1340 4141 1359 4197 u

573 3628 694 3708 iude
716 3634 930 3734 Epiphania,
963 3651 999 3708 ut
1031 3638 1084 3730 qui
1114 3653 1193 3713 tunc
1224 3662 1327 3732 aquae
1354 3662 1360 3711 ι
