3104 4814
173 547 229 679 'ir
456 641 460 644 -
577 570 728 694 nnana·
752 566 879 693 aeras.
902 589 1022 695 can.

162 821 163 824 π
189 774 322 850 dachus
346 764 553 848 Palaestinos
581 768 746 870 nusquam
770 789 830 847 aut
857 764 1011 846 institnit
1034 767 1128 867 ipse,
1157 784 1216 843 aut
1236 769 1417 845 commeri-

189 874 291 946 davit
325 871 388 944 has
415 891 549 965 preces.
606 871 762 967 Julianus
787 889 904 943 tamen
936 867 1119 966 Prognost.
1153 867 1175 938 i.
1209 867 1255 940 11.
1287 891 1319 943 c.
1354 884 1414 955 29.

187 966 368 1065 agnoscit,
387 963 485 1062 poffe
501 985 657 1039 mortuos
672 966 801 1062 aliquid
820 969 862 1038 ab
883 963 924 1038 iis
940 967 1081 1054 audire,
1108 961 1167 1060 qui
1185 963 1271 1036 hinc
1285 964 1330 1037 ad
1347 983 1412 1037 eoa

149 1143 152 1149 ,
187 1062 374 1136 moriendo
400 1081 572 1157 pergunt,
597 1056 695 1159 poffe
719 1062 826 1136 etiarn
856 1061 966 1133 abAn
994 1059 1079 1149 elia,
1104 1059 1302 1154 quirebus,
1325 1077 1414 1155 quae

184 1150 249 1254 hic
266 1177 433 1254 aguntur,
459 1155 596 1252 praesto
621 1156 718 1246 sunt,
741 1155 892 1255 denique
916 1083 1033 1250 mie,
1059 1154 1182 1252 spiritu
1207 1152 1280 1226 Dei
1306 1174 1441 1228 reve-2

186 1252 293 1328 ianae.
333 1323 336 1327 ,
381 1275 442 1325 uae
460 1256 576 1327 omnia
592 1249 771 1349 restringit
790 1256 832 1328 ad
859 1251 936 1340 illa,
964 1275 1051 1348 quae
1069 1251 1228 1350 ipsorum
1252 1250 1337 1324 scire
1357 1254 1413 1324 ia·

184 1348 305 1424 aerest.
391 1368 472 1420 utor
489 1349 585 1424 vitae
603 1347 782 1424 clodoaldi
801 1346 1014 1423 Confefforis
1038 1345 1070 1444 d.
1098 1368 1129 1420 2.
1154 1348 1192 1418 in
1215 1345 1327 1420 nnis.
1342 1348 1411 1419 Be.-

184 1441 356 1519 nedidtin.
376 1444 561 1520 Mabiiion.
581 1443 652 1539 ,seo
682 1446 729 1537 L,
754 1442 908 1519 sanorum
926 1462 1123 1532 mortuum,
1150 1440 1261 1533 dicit,
1284 1442 1411 1539 nostae·

184 1546 255 1615 rum
285 1561 346 1612 nan
374 1541 522 1638 oblivisci
547 1539 769 1634 miseriarum,
808 1563 881 1613 curn
895 1538 1025 1636 semper
1049 1540 1137 1610 claro
1160 1541 1327 1612 intueatur
1356 1541 1408 1616 Iu·

183 1638 269 1708 enine
291 1639 395 1708 omnia
422 1642 599 1727 videntem,
627 1653 659 1711 er
682 1660 779 1734 aequa
798 1641 876 1733 jure
900 1635 1134 1734 disponentem,
1168 1657 1209 1710 ac
1242 1637 1408 1710 moderan-

180 1750 258 1815 ¹rena.
286 1751 357 1806 erc.
407 1732 463 1807 Ex
493 1759 562 1830 quo
587 1733 755 1831 colligere
794 1734 906 1823 licet,
948 1732 1119 1805 theoriam
1162 1727 1265 1804 fuiffe
1305 1731 1406 1826 praxi

182 1827 387 1914 meliorem,
412 1849 448 1900 et
477 1829 671 1902 Dociorurn
696 1828 888 1924 opiniones
912 1829 955 1900 ab
982 1825 1025 1900 iis
1052 1823 1164 1922 Vulgi
1186 1825 1349 1901 diversae.
1387 1878 1390 1883 ,

226 1923 259 2023 p.
285 1921 387 1996 Xlll.
430 1924 513 1997 Nec
536 1924 653 1996 minor
677 1920 746 1996 fuit
775 1925 881 1998 erucis
909 1922 1115 2011 veneratio,
1148 1943 1249 2018 quarn
1274 1940 1402 2016 antea,

178 2042 269 2119 quae
307 2018 351 2091 de
384 2016 589 2098 adoratione
622 2017 749 2115 aliquid
783 2019 902 2095 traxit.
954 2018 1040 2095 Vid.
1067 2017 1403 2112 Sophroniioratio

179 2119 213 2189 in
236 2115 453 2186 adorationem
477 2115 696 2204 venerandae,
718 2139 762 2189 ac
791 2117 961 2210 vivificae,
990 2119 1107 2192 erucis.
1150 2116 1243 2186 Crux
1269 2112 1307 2187 in
1332 2114 1402 2192 Ea·

174 2204 277 2284 'cle'fia
296 2207 577 2285 Constantiniana
595 2211 995 2309 adararuretoseuiarur‚
1020 2211 1136 2308 iuquit
1154 2209 1210 2282 Re
1239 2206 1299 2282 'no
1323 2210 1398 2286 Li.
1444 2216 1446 2221 ’

174 2303 373 2392 Uindius,
400 2320 476 2379 rex‘
491 2307 888 2397 Nordanhunrbrorunr,
914 2309 952 2382 in
977 2310 1114 2381 danaidis
1138 2306 1215 2399 Ang
1230 2307 1335 2377 inanis
1350 2328 1400 2383 ex

173 2398 290 2492 Beda,
316 2405 420 2475 crena
447 2427 542 2477 cruca,
565 2410 598 2477 in
623 2406 765 2476 honorem
789 2403 873 2491 Dei,
905 2410 1076 2500 antequam
1098 2405 1143 2475 ad
1160 2401 1318 2495 praelium
1343 2425 1399 2476 aa·

176 2515 292 2587 neena,
327 2500 495 2571 adlocutus
521 2499 692 2591 estferiae
716 2498 798 2596 suoi
822 2501 964 2573 militer:
997 2525 1053 2574 nas
1078 2501 1122 2570 ad
1144 2521 1268 2570 crucem
1291 2501 1399 2593 proci·

176 2596 308 2678 damus,
352 2609 384 2664 er
408 2599 646 2693 omnipotentem
672 2596 778 2668 Deam
814 2599 1003 2671 invocemus.
1051 2594 1130 2669 Alia
1163 2596 1199 2666 in
1226 2592 1393 2687 homilia,

168 2686 230 2765 ‘aas
251 2711 397 2778 crucem,
423 2688 555 2787 inquit,
570 2689 700 2788 semper
716 2715 925 2781 veneramur,
943 2708 1072 2789 propter
1087 2692 1232 2764 donarem
1253 2687 1395 2786 Christi,

172 2804 211 2859 et
242 2786 426 2860 veneratio
457 2792 504 2859 in>
531 2783 813 2884 genuflexionibus
848 2790 1067 2878 collocatur,
1108 2786 1393 2880 inclinationibus,

158 2878 489 2977 ahurifimrionr'bus,
519 2901 552 2956 er
567 2885 665 2960 cuitu.
716 2883 800 2960 Vid.
821 2886 976 2962 Uiierius
991 2886 1029 2961 in
1052 2880 1196 2980 responso
1221 2882 1262 2955 ad
1280 2881 1392 2977 Jesui·

170 2992 242 3050 tarn
267 2977 439 3048 hiandum
464 2977 509 3050 de
535 2983 742 3072 imaginibus.
792 2981 930 3079 Sergius
952 2984 1062 3079 Papa,
1096 2981 1166 3053 Dea
1189 2983 1220 3052 ei
1243 2979 1391 3052 revelaa·

165 3087 223 3160 re,
248 3069 360 3167 inquii
385 3070 578 3145 Anastasius
604 3077 640 3145 in
667 3074 740 3170 ejus
763 3075 861 3165 vita,
889 3081 1006 3169 reperit
1035 3082 1067 3148 in
1095 3072 1193 3167 capsa
1209 3091 1388 3168 argentea,
1410 3118 1413 3122 ·

164 3165 201 3261 in
231 3170 297 3240 ioco
323 3163 535 3264 obscurifflrno
557 3171 711 3263 jacente,
736 3167 940 3266 ineffabilem
955 3174 1126 3264 partionem
1141 3168 1306 3264 salutaris
1323 3171 1388 3264 iig-

163 3264 202 3342 ni
224 3263 415 3339 Donrinicae
437 3268 563 3350 crucia,
587 3289 670 3361 quae
688 3287 729 3339 ea
753 3264 804 3337 die
827 3269 881 3342 ilio
905 3266 1083 3365 prosalute
1106 3267 1236 3339 humani
1256 3272 1387 3360 generie

162 3359 210 3459 ab
225 3363 309 3431 anni
320 3360 434 3452 populo
444 3357 655 3458 Christiana,
681 3364 734 3434 die
749 3361 1104 3458 exaltationis-sanda
1121 3365 1247 3446 crucis,
1262 3365 1297 3434 in
1312 3362 1384 3438 Ba-

160 3450 259 3551 filice
284 3455 490 3544 delinieris,
523 3479 603 3552 quae
625 3457 807 3554 adpellarur
842 3457 1132 3557 Constantiniana,
1166 3457 1385 3554 osculaturus

160 3551 330 3629 adoratur.
381 3550 504 3626 &ucis
534 3552 663 3626 linum
693 3552 898 3646 vivificum,
933 3553 1188 3656 Hierosolymis
1222 3577 1241 3629 a
1274 3554 1384 3631 Perfia

158 3636 352 3736 sublatum,
400 3646 459 3721 sed
495 3647 570 3734 ab,
612 3649 739 3726 eraciio
773 3650 979 3749 inperatore
1000 3671 1202 3752 receptum,
1239 3648 1382 3729 simula

94 3803 96 3806 ,
156 3742 317 3919 profanis
338 3758 376 3816 et
396 3743 541 3838 pollutis
564 3744 719 3822 manibus
745 3769 816 3820 non
848 3749 1068 3825 attrediatunr
1098 3745 1376 3860 deprehensum,

185 3855 291 3919 evote
318 3837 524 3932 admodum,
550 3860 589 3919 et
612 3864 692 3916 curn
777 3841 900 3921 riarum
924 3844 1081 3936 afflone,
1108 3843 1377 3940 Haerosolyrnae

154 3930 407 4026 monstratum,
434 3936 687 4027 economum,
739 3935 799 4015 ein
818 3940 918 4016 CPoi.
944 3940 1116 4029 delitum,
1139 3961 1177 4013 et
1191 3937 1375 4018 ditaniiae

28 4040 53 4146 ¹.
146 4020 721 4143 §agioPatriarchadedudiamj
740 4056 795 4166 ac
806 4037 859 4119 in·
875 4038 1011 4138 Magna
1042 4033 1115 4116 oei
1147 4035 1375 4214 ³43⁸.stss
