3104 4814
507 696 558 712 ··
656 680 876 765 Sererll.
1327 702 1411 783 rr-

156 868 189 930 rt
208 855 244 933 A
270 856 426 969 ,llluarir
443 856 576 958 dogma
595 859 764 945 inanire.
796 866 914 969 'Quae
937 861 964 941 ss
984 861 1082 941 reue
1102 862 1169 941 lint
1183 862 1373 963 disputata,

155 974 238 1047 quae
282 978 391 1033 onem
415 958 590 1033 evincunt
614 982 690 1037 noir
710 963 813 1041 fuiffe
834 963 924 1039 anti
949 962 1140 1051 momenti,
1182 980 1221 1035 ct
1246 984 1266 1034 a
1290 980 1373 1054 pru·

155 1051 376 1133 acutioribus
404 1075 448 1127 ac
478 1053 772 1137 moderatioribur
806 1057 892 1139 viria
922 1056 1027 1133 facile
1059 1080 1124 1153 pcc
1154 1055 1376 1131 commodam

155 1148 486 1245 interpretationem
533 1153 697 1227 comuni
730 1152 891 1251 potuisse.
942 1153 1026 1252 Quo
1056 1154 1166 1228 verba
1206 1148 1377 1247 Johannis

158 1243 335 1321 CPoli'tani
355 1244 394 1318 in
418 1241 517 1339 epist.
541 1246 584 1321 ad
613 1175 744 1347 i‘apam
781 1248 1043 1325 Constantinum
1074 1272 1093 1324 a
1121 1248 1166 1323 od
1200 1242 1378 1321 cambei-

157 1337 239 1447 lium
263 1340 307 1415 in
329 1342 475 1448 andario
498 1358 586 1415 tom.
612 1343 648 1416 ΙΙ
674 1370 716 1457 p.
753 1351 837 1421 261.
875 1344 1036 1418 tendunt.
1093 1273 1181 1417 1imo
1220 1338 1377 1417 haeresin

157 1436 485 1513 Monothelttarum
517 1437 702 1534 adpellavit
733 1443 970 1539 imaginariam
1004 1440 1056 1515 La
1087 1442 1199 1513 Croze
1214 1435 1262 1529 ,in
1292 1431 1375 1509 hist.

161 1530 346 1611 Christian.
372 1529 589 1629 Aethiopiae
611 1554 648 1608 et
672 1537 860 1612 Armeniae
883 1538 905 1611 l.
929 1536 999 1611 IV.
1024 1560 1061 1633 p.
1091 1558 1148 1630 34.
1283 1564 1288 1571 ·

204 1628 379 1730 §.LXIL
410 1626 560 1703 Primam
582 1627 828 1727 disputationis
852 1630 1091 1721 occasionem,
1128 1649 1168 1704 ut
1198 1622 1390 1730 historiam

162 1722 423 1801 mmoverfiae
443 1723 641 1826 summatim
666 1747 705 1801 et
727 1730 892 1803 brevibus
913 1748 1090 1816 enarrem,
1123 1722 1284 1819 praebuit
1301 1720 1378 1792 He.-

169 1820 260 1895 raclii
274 1820 508 1917 imperatoria
524 1819 693 1898 laudabile
709 1821 881 1913 studium,
905 1822 1104 1898 haereticos
1125 1842 1206 1894 cuni
1224 1811 1380 1893 Catholi-

165 1914 503 2006 ciareconciliandi,
528 1915 680 2016 indeque
695 1937 812 1993 natum
830 1920 906 2016 ejus
930 1918 1162 2016 colloquium,
1181 1914 1253 1991 five
1272 1932 1380 1988 uiiuna

162 2034 244 2089 cum
264 2012 377 2091 Paulo
397 2010 609 2103 monoculo,
633 2014 757 2088 Severi
782 2014 952 2090 sebtatore
978 2012 1016 2089 in
1040 2012 1210 2088 Armenia
1229 2035 1261 2086 a.
1288 2015 1382 2096 622,

166 2105 543 2282 eitaraha
569 2105 694 2281 ‘ia
711 2105 1381 2303 raiatiauiiiltatla

398 2296 407 2314 ο
598 2299 606 2314 .
962 2261 995 2320 ’0
1045 2301 1052 2317 .
1368 2250 1383 2291 ’

170 2298 1385 2505 tlh‘'aaz‘’liiiiasltnlt?liminata-iil:

173 2495 232 2569 vel
255 2491 434 2585 colloquia
456 2513 538 2565 cum
562 2492 666 2565 Paulo
688 2514 726 2567 et
757 2490 949 2568 Athanasio
980 2516 1052 2567 non
1085 2489 1308 2582 confuderit,
1349 2506 1387 2564 et

171 2592 256 2666 laco
280 2586 381 2663 Pauli
411 2585 635 2661 Athanasium
666 2588 841 2683 posuerit,
882 2588 975 2687 quod
1009 2587 1197 2662 contendit
1230 2585 1314 2685 Pagi
1339 2585 1386 2663 ad

168 2688 316 2775 Aaron,
340 2702 415 2756 non
437 2681 526 2757 adeo
548 2703 683 2757 certum
715 2683 787 2775 est,
829 2685 950 2782 utique
977 2684 1238 2779 Theophanem
1262 2703 1387 2761 contra
1495 2754 1499 2759 .

171 2778 446 2867 combensium,
468 2778 528 2876 qui
551 2779 625 2875 ejus
639 2778 871 2854 narrationem
890 2798 990 2874 putat
1007 2780 1075 2853 elle
1094 2779 1302 2868 fabulosam,
1326 2779 1389 2851 de·

170 2876 289 2953 fendit
314 2875 461 2949 Gaarur.
510 2876 657 2971 chuo
673 2876 839 2971 quicquid
863 2874 924 2964 sit,
951 2875 1033 2947 illud
1064 2896 1109 2946 eit
1126 2873 1241 2972 Sergii
1258 2869 1386 2969 epist,

172 2973 285 3049 modo
307 2970 463 3061 laudata,
502 2971 558 3044 cui
582 2973 691 3044 tutius
716 2973 877 3058 fidimus,
913 2989 1032 3062 patet,
1065 2971 1209 3045 Paulum
1241 2968 1388 3068 primam

171 3066 311 3144 decliffe
333 3063 553 3140 occafionem
578 3073 672 3140 anius
696 3068 873 3142 uoluntatis
897 3065 1117 3155 statuendae,
1143 3067 1233 3140 adeo
1262 3087 1321 3156 ut,
1362 3064 1390 3143 u

175 3189 218 3240 ea
240 3164 510 3251 admitteretur,
542 3162 836 3260 Monophysme,
878 3162 967 3235 baud
1000 3182 1142 3258 gravate
1166 3160 1230 3235 fint
1256 3164 1299 3237 ad
1322 3161 1393 3237 Ec·

173 3259 315 3336 cleliam
339 3256 556 3331 Catholicam
578 3259 754 3334 accessuri.
801 3256 959 3353 injunxit
990 3256 1108 3353 itaque
1142 3260 1328 3355 inperator
1361 3281 1392 3333 a.

177 3363 262 3433 ⁶26.
309 3355 427 3452 Cyro,
455 3373 539 3430 tunc
564 3353 714 3428 Phasidis
738 3356 776 3428 in
808 3355 933 3427 Lazica
959 3352 1154 3450 Episcopo,
1181 3357 1239 3426 cni
1263 3353 1392 3451 phrasir

175 3471 255 3529 crat
270 3448 445 3547 suspecta,
460 3469 500 3521 ut
520 3454 582 3524 hac
599 3453 643 3523 dc
660 3451 863 3560 rescriberet
880 3450 921 3523 ad
943 3449 1122 3559 Sergium,
1142 3450 1241 3524 CPol.
1292 3452 1393 3547 Epis·

181 3544 1399 3751 nuntiabunturaiantallias-silntsua

181 3742 369 3816 tamenab
396 3763 441 3811 eo
469 3756 629 3848 tempore
652 3740 690 3811 in
714 3760 861 3812 nervum
888 3757 1006 3832 erupit
1045 3737 1258 3834 disputatio:
1293 3740 1397 3816 testa·

181 3859 240 3914 tur
261 3834 361 3911 enim
383 3834 526 3931 ‚Sergius
550 3858 582 3906 in
604 3834 706 3932 epist.
731 3837 772 3909 ad
796 3834 1018 3919 Honorium,
1045 3832 1217 3908 silentium
1243 3836 1317 3931 ejus
1343 3840 1398 3911 rei

180 3938 297 4011 abeo
327 3951 512 4028 tempore,
554 3931 612 4004 seu
633 3935 675 4007 ab
702 3956 733 4007 a.
760 3935 865 4017 626„
906 3927 1008 4003 soille
1031 3931 1136 4023 usquc
1159 3932 1201 4003 ad
1225 3954 1255 4005 a.
1289 3938 1400 4024 6364

182 4054 253 4130 qno
278 4031 413 4126 Cyrus,
445 4027 703 4105 Alexandrinus
720 4029 792 4125 J'am
816 4023 1031 4124 Episcopus,
1069 4026 1250 4123 Synodum
1277 4025 1400 4104 habuit

183 4125 445 4220 Alexandriae,
485 4147 556 4227 qua
578 4124 682 4204 unita
704 4122 896 4291 voluilitatis
918 4141 958 4199 ec
987 4120 1205 4221 operationis
1234 4117 1408 4304 confeffiii

828 4239 853 4310 4
1355 4241 1374 4295 e

1497 4360 1516 4519 i.
