3104 4814
579 754 588 772 ,
665 675 775 755 Secal.
800 676 888 791 Vm
1351 690 1403 781 a?

167 852 280 955 coepit
301 877 334 931 a.
360 860 468 947 695„
502 846 958 954 Christianismum'majore
990 880 1072 933 cum
1104 858 1261 938 saccello
1299 861 1396 957 inter

164 976 221 1031 aaa
234 953 386 1051 populos
401 950 528 1026 docuit
543 951 767 1042 Radbertus,
793 976 983 1050 propterea
1006 958 1231 1033 Franconum
1257 978 1294 1033 et
1321 952 1396 1033 Boi

163 1053 353 1150 joariorom
379 1048 569 1144 Apostolus
591 1048 705 1123 araas
730 1069 769 1125 et
801 1049 1014 1143 celebratos,
1055 1053 1253 1153 Episcopus
1285 1054 1397 1154 Junc-¹

164 1151 252 1239 riae,
275 1147 339 1222 sen
365 1142 649 1241 salisburgensis,
674 1165 832 1223 mortuos
857 1169 887 1220 a.
915 1155 999 1240 718.
1050 1149 1217 1246 Denique
1240 1153 1397 1227 Franco·

164 1244 300 1319 ciorum
330 1242 553 1317 conversroni
578 1263 722 1336 operam
751 1242 852 1319 dedit
874 1242 1056 1336 llilianoa,
1081 1245 1278 1322 Hiberniae
1303 1248 1394 1323 Mo-

162 1340 300 1417 nachus.
324 1356 329 1365 '
352 1335 447 1436 Qui,
471 1364 492 1413 a
517 1339 780 1446 Papa-Conone
805 1337 982 1449 potestate
1022 1340 1254 1509 praedicandi
1289 1366 1392 1420 orna·

163 1456 233 1526 tor,
258 1455 300 1509 et
324 1432 530 1529 Episcopua.
550 1430 751 1525 ordinatus,
784 1459 816 1510 a.
845 1442 932 1516 686.
957 1457 995 1509 rn
1039 1436 1205 1513 'ranciarn
1224 1439 1393 1515 Orienta-

160 1533 224 1609 lem
239 1532 287 1607 ad
304 1533 431 1606 urbem
445 1528 680 1625 Herbipolin‚
702 1530 762 1605 seu
787 1532 1022 1627 wirtzburg,
1047 1536 1151 1609 venit
1167 1558 1249 1611 com
1266 1535 1389 1628 sociis,

163 1624 829 1801 eaffallllllzlllllnll
845 1624 1393 1805 §gjelffiupgulmsslstossgss

167 1842 241 1909 eom
256 1820 303 1895 de
316 1815 783 1916 illicitosuoconjugiocurn
804 1821 948 1895 Gellana
957 1871 968 1910 ,
981 1844 1093 1896 uxore
1109 1820 1250 1913 fratris,
1265 1750 1390 1897 {dmo-

161 1912 307 2008 noller,
335 1915 414 2012 ejus
435 1938 534 2012 ope,
566 1914 707 1999 absente
732 1916 858 2008 Duce,
898 1913 1107 1993 interfectos
1130 1916 1183 1993 est
1191 1973 1206 2012 ,
1235 1942 1268 1993 a.
1296 1925 1386 2008 689.

162 2012 247 2089 Vita
276 2014 378 2109 eJ'os,
402 2010 463 2087 sed
489 2011 718 2108 interpolata,
743 2009 855 2087 exstat
879 2011 917 2086 in
936 2012 1061 2111 Antiq.
1085 2014 1186 2092 Leel.
1237 2014 1390 2111 Canifii,·

162 2108 217 2186 iod
242 2109 309 2184 alia
336 2106 501 2197 brevior,
542 2126 579 2182 et
606 2106 764 2181 melioris
789 2128 913 2197 notae,
937 2107 1044 2185 etiam
1067 2112 1159 2209 apud
1194 2111 1396 2189 Mabillon..

164 2202 558 2285 see.ll.13enediclin.
613 2202 714 2278 Plora
745 2205 790 2280 de
821 2204 994 2301 euangelii
1034 2209 1294 2307 propagatione
1323 2226 1393 2308 per

164 2304 251 2396 ilar,
276 2321 317 2377 et
340 2299 447 2394 alias,
469 2322 546 2376 oras
561 2298 605 2375 ad
622 2300 688 2377 sec.
713 2302 784 2399 seq.

488 2491 1046 2569 MUHAMMEDANISMUS.

200 2690 233 2793 ς.
254 2687 427 2766 LXXIX.
468 2687 553 2765 Hoc
584 2684 725 2782 quidem
762 2688 909 2785 aliquale
940 2685 1008 2760 fuit
1049 2683 1223 2761 Ecclesiae
1265 2688 1387 2777 incre·-

159 2807 341 2878 mentum,
373 2782 434 2859 sed
460 2783 571 2857 mirrus
592 2806 738 2878 purum,
782 2808 851 2857 una
874 2806 955 2856 cum
978 2781 1233 2874 superstitionis
1257 2808 1385 2881 propa·

159 2887 301 2985 gatione
317 2904 399 2957 non.
413 2899 572 2968 tantum,
589 2880 649 2953 sed
664 2899 701 2951 et
717 2878 852 2972 Papalis
868 2877 1107 2968 austeritatis,
1131 2879 1382 2973 conjonclum,

161 3005 236 3057 com
260 3002 463 3079 praecones
489 2973 666 3072 euangelii
690 2997 709 3047 a
743 2974 908 3049 Romana
941 2971 1094 3047 Ecclesra
1125 2976 1394 3053 ordinationem:

160 3100 204 3157 ac
224 3072 444 3174 potestatem
469 3072 700 3167 inpetrarint,
742 3090 779 3144 et
805 3094 919 3145 novos
954 3070 1164 3159 Christianos
1199 3071 1270 3149 sedi
1307 3074 1394 3151 Ro·.,÷

158 3196 281 3248 manae
300 3169 525 3267 subjecerint.
576 3170 756 3241 Praeterea
780 3168 885 3260 longe
911 3167 1019 3262 majus
1037 3168 1285 3242 detrimentum
1306 3172 1382 3266 pas·

154 3270 188 3344 sa
210 3268 263 3342 est
289 3267 444 3344 Ecclefia
471 3289 534 3362 per
559 3263 983 3352 Muhammedanismum,
1005 3265 1077 3336 hoc
1103 3262 1167 3337 sec.
1194 3285 1379 3357 exortum,

156 3386 194 3441 et
219 3367 329 3462 longe
355 3365 489 3460 lateque
521 3381 765 3456 propagatum.
813 3362 919 3455 Cujus
942 3359 1088 3432 historia
1112 3360 1217 3433 nimis
1240 3361 1290 3436 est
1314 3387 1379 3437 no.

157 3461 299 3552 rabilis,
324 3483 428 3556 quam
456 3477 495 3532 ut
520 3457 758 3553 perfunelorie
776 3454 954 3530 tractetur.
1005 3455 1118 3550 Agna
1135 3456 1256 3553 ica'quc
1288 3468 1377 3553 pall·

159 3558 201 3633 lo
220 3557 412 3633 adcuratius
437 3575 475 3629 et
499 3553 604 3627 fufius
631 3555 675 3629 de
700 3553 977 3642 Muharnmede,
1000 3551 1189 3646 religione,
1215 3553 1378 3649 origine,

159 3651 303 3731 aciatis
324 3648 695 3736 Muhammedanilmi,
726 3646 904 3747 postquam
931 3646 975 3720 de
1000 3649 1219 3738 nominibus,
1250 3650 1402 3746 quibosr
1525 3721 1538 3739 ¹,

167 3753 321 3827 veniunt
355 3749 429 3844 ejus
460 3748 635 3836 adseclae,
674 3742 801 3841 aliquid
827 3742 1045 3840 praemisero,
1103 3746 1203 3818 lnter
1232 3769 1272 3820 ea
1297 3770 1380 3823 com

157 3842 342 3923 emineant
374 3845 665 3938 Moflemanoram,
699 3860 735 3915 et
765 3842 1018 3931 Saracenorum,
1053 3862 1095 3914 ac
1126 3842 1375 3937 Agorenornm,

158 3967 284 4017 enrorn
310 3940 422 4041 aliqua
448 3940 500 4014 est
523 3940 634 4013 danda
659 3936 797 4014 notitia.
852 3938 1007 4011 Primum
1039 3935 1133 4013 idem
1165 3940 1310 4012 denotat
1335 3957 1382 4009 ac

187 4040 334 4142 mm!
354 4037 449 4139 qood
471 4034 576 4109 etiam
598 4059 721 4109 eorum
748 4031 966 4115 nomenest,
996 4035 1029 4104 ὴ.
1056 4055 1088 4109 e.
1114 4039 1299 4111 credentes:
1322 4031 1398 4122 est.

217 4166 244 4218 o
262 4156 358 4240 part.
382 4134 449 4217 a&
469 4133 561 4261 plur,
584 4133 678 4235 conj.
702 4128 924 4324 lVLridicia
954 4104 1084 4233 0³70!
1105 4128 1403 4324 inwffifflf
1464 4210 1504 4520 1
