3104 4814
700 112 807 187 Sciat.
835 107 880 187 X.
1324 134 1395 203 505

165 290 252 365 vitas
278 293 519 388 Imperatorum
539 290 829 387 byzantinorum,
854 289 981 362 Leonis
999 288 1162 378 Armeni,
1192 307 1229 360 et
1254 286 1384 362 succes·

158 387 300 477 forum,
325 387 429 485 usque
462 389 507 459 ad
531 390 689 463 batillum
715 387 957 463 Macedonem
986 389 1172 475 inclusum,
1202 385 1382 481 coascaip·

158 484 222 574 fit,
249 504 289 559 et
311 483 500 557 noeiffime-
516 481 555 557 in
578 486 701 559 lucem.
717 480 849 582 peodiit
873 482 912 557 in
936 481 1062 569 ultimo
1086 502 1186 557 tomo
1212 482 1384 579 Corpori·

156 582 357 677 Byzantion
408 578 578 652 Refertur
611 581 719 655 etiam
747 578 897 654 adhoc
915 574 1073 653 seculum
1090 580 1236 665 Nicon„
1258 598 1380 665 mona,-

157 684 270 768 cbut,
292 698 330 750 et
357 674 640 750 Atbbimandcita
663 680 860 763 Armenoc,
877 672 1158 771 cognominatae
1183 691 1380 771 percnum,

155 772 265 871 quia,
310 770 566 869 poenitentiam
607 772 677 849 elle
712 772 899 868 agendam,
939 769 1111 844 continuo
1157 768 1377 849 inclamabat'.

154 872 267 966 Cujus
309 868 420 943 vitam
462 868 663 979 conscripsit
700 869 819 941 Abbas
852 865 1150 941 Lacacdemoniuc
1182 869 1249 943 sec.
1274 870 1379 959 xil,

156 990 267 1065 quem
283 965 408 1038 Latine
433 965 544 1037 vertit
567 965 790 1053 sirmondus,
824 981 861 1036 et
888 964 991 1058 saepe
1023 961 1184 1037 adhibuit
1213 966 1379 1041 Bmoniut

154 1066 202 1139 ad
228 1062 300 1135 hoc
325 1056 487 1133 leculom‘.
535 1058 662 1135 Millua
693 1079 849 1133 narratur
871 1056 914 1133 ad
940 1074 1067 1155 gentes
1087 1063 1374 1151 convertendas,
1425 1140 1428 1145 ,

154 1157 320 1257 ipsosque
344 1156 555 1229 Christianos
578 1157 621 1230 ad
653 1156 836 1230 meliorem
869 1154 979 1227 vitam
1014 1158 1253 1244 revocandos,
1281 1177 1377 1231 eum·

156 1279 228 1354 que
266 1277 303 1325 nn
329 1252 436 1325 finem
460 1251 753 1337 varias,0rientis
776 1249 941 1348 regiones
965 1248 1181 1346 peragrasse,
1225 1269 1264 1335 et
1290 1253 1376 1327 Cre·

154 1372 233 1425 tam
257 1373 277 1420 a
302 1348 507 1422 saracenica
529 1350 687 1445 porgalle
710 1344 967 1442 superstitione.
1008 1344 1173 1444 Superest
1204 1346 1375 1444 exignum

156 1446 321 1545 quidem,
346 1444 404 1516 sed
431 1466 501 1515 non
527 1468 626 1539 parci
652 1442 842 1530 momenti,
880 1439 1047 1537 scriptum
1076 1442 1172 1539 ejus,
1206 1444 1250 1516 de
1283 1447 1376 1540 inpia

153 1538 359 1639 pefflmomm
375 1539 584 1613 Arinenoram
599 1542 774 1635 religione,
800 1535 892 1633 apud
910 1538 1142 1634 Bevcregium
1166 1539 1205 1613 in
1221 1540 1376 1619 Pandec·

157 1641 208 1713 tia
232 1638 276 1709 ad
302 1658 454 1708 canones
480 1634 682 1725 l'rullanos,
707 1654 745 1708 et
772 1632 987 1706 cotelerium
1015 1633 1375 1733 accommodam

156 1736 186 1809 ·l.
212 1734 262 1805 11.
287 1754 318 1804 c.
347 1752 423 1818 24„
458 1731 516 1803 ubi
541 1731 727 1827 opiniones
750 1740 878 1803 eorum
898 1729 1176 1837 Eutychianae,
1201 1733 1293 1811 ritus¹
1310 1734 1376 1831 Ja-

155 1827 274 1915 daici,
299 1845 335 1897 et
357 1828 442 1915 alia,
470 1826 730 1901 rencensentor.
776 1825 942 1920 Denique
967 1845 1006 1897 ao
1030 1824 1101 1923 fine
1126 1828 1232 1903 seculi
1267 1828 1375 1909 vixil's'

142 1925 197 2000 'fe
220 1923 406 1997 censentur
429 1941 499 1991 tres
516 1920 681 1997 'celebres
701 1919 750 1996 illi
783 1918 993 2013 Seript‘urae.
1022 1920 1058 1993 S.
1112 1920 1376 2005 commentato&

157 2044 234 2105 tes,
270 2020 530 2114 Olympiodoras,
571 2019 668 2114 cujus
700 2013 813 2091 exstat
846 2031 1049 2087 comment.
1065 2013 1113 2087 in:
1134 2016 1374 2103 {Ecclcliostcn
1417 2088 1423 2097 .

156 2136 199 2191 et
226 2116 375 2211 Jobunn,
404 2116 635 2201 Oecamenius,
663 2112 778 2187 fidelis
802 2106 1038 2207 chrysostomi
1061 2111 1291 2207 compilatot,
1322 2115 1374 2197 ill

158 2208 409 2309 Apostolorum
434 2205 523 2279 neta
546 2228 582 2282 et
604 2208 793 2307 Epistulas,
828 2224 865 2276 et
893 2204 1036 2278 Arellius
1058 2206 1274 2285 Caesareem.
1304 2208 1374 2293 Ace

158 2305 410 2401 cbiepiscopus
433 2308 469 2376 in
497 2304 738 2401 Cappadocia,
766 2299 863 2396 cujus
891 2298 941 2373 est
960 2322 1148 2375 comment.
1175 2303 1212 2377 in
1236 2307 1376 2402 Apoem

157 2402 294 2503 lypsin,
319 2402 378 2475 sed
403 2399 482 2471 sont
503 2398 658 2475 incertae
682 2396 816 2473 aetatis.
842 2418 847 2463 2
873 2397 973 2473 Unci
1006 2395 1169 2497 snpedest'·
1188 2398 1377 2481 odenati·

158 2522 220 2573 una
240 2496 442 2593 Eutychiae,
461 2497 656 2569 Patriarcha
672 2491 863 2583 Alexand,
888 2493 1141 2587 Melchitarcm
1155 2495 1264 2595 Epilc
1310 2493 1373 2594 ἀὲ,

157 2598 244 2671 alias
266 2595 378 2667 ditius
404 2590 548 2679 Saidus,
575 2592 667 2664 filius
687 2588 849 2691 Batcick,
866 2585 935 2661 ‘seu
959 2590 1155 2667 Batrioidel'.
1204 2594 1284 2669 Con
1309 2594 1375 2674 'dit

159 2692 315 2767 Annali-s
344 2686 618 2776 Alexandrinos,
636 2688 761 2761 Latine
785 2682 904 2759 verlos
929 2704 965 2757 et
979 2686 1220 2781 publicatoea
1242 2691 1377 2773 Pocae.-

158 2786 238 2861 lio.
292 2787 468 2878 lntegram
494 2804 581 2854 vero
614 2784 658 2855 de
689 2778 1086 2875 Marco-Euangelista,
1127 2803 1165 2859 et
1196 2786 1376 2873 Ecclefia·

157 2878 417 2959 Alexandrinae
440 2875 634 2972 originibus
658 2898 697 2952 ac
722 2874 895 2965 moribus,
915 2877 1023 2952 edidit
1045 2898 1083 2952 et
1107 2881 1204 2955 notia
1231 2884 1391 2969 ilustm·

157 2978 218 3052 vit
240 2977 427 3060 Seldenas,
454 2976 496 3044 ab
522 2974 652 3048 Abrab.
677 2971 873 3047 Echellcnsi
899 2972 953 3046 sce
980 2972 1251 3074 e-'castigatce„
1271 2982 1378 3067 Obiit

156 3066 1380 3273 :225543g1100g2323232lg5ezepls,g„³3g⁶{g⁹ffij²ffiggk,

139 3262 422 3347 'monomentim
447 3262 549 3354 saepe
565 3259 797 3334 concinnatos
812 3254 902 3347 effe,
914 3260 1083 3372 ‘adeoque
1098 3264 1204 3339 fidem
1222 3291 1287 3365 per
1302 3295 1380 3351 om·
1501 3290 1504 3296 ·

155 3360 220 3446 „ia
249 3381 321 3430 non
345 3358 494 3444 mereri,
527 3346 781 3432 demonstravit
803 3356 953 3431 Pearson
978 3358 1123 3437 deic.
1147 3363 1263 3459 ignat.
1285 3389 1325 3465 p.
1346 3370 1377 3448 1.

147 3490 194 3603 ,⁶⁸
206 3476 498 3726 ἔὲαῦιΧΧ.
531 3549 629 3625 Inter
654 3549 795 3627 latim
818 3550 882 3633 vix
902 3550 963 3632 alii
978 3516 1385 3663 3119ῦῖωῆωώμῇ

144 3730 149 3741 Ι
244 3671 303 3721 om.
332 3643 375 3720 V.
732 3642 811 3720 sss
1221 3685 1230 3697 ’
1281 3652 1389 3763 sm.
