3104 4814
132 618 228 697 ,1¹26
535 603 683 705 Historia
706 596 833 702 Eccles.
860 589 976 704 Christ.

160 792 302 870 arbores
318 781 528 859 dulciffimos
552 781 707 860 serentes
728 782 881 875 stabius,
907 784 1009 857 inter¹
1026 790 1108 881 quas
1130 785 1253 878 arbor,
1275 782 1379 864 olma

157 892 240 963 tuba
258 904 348 957 voce
371 882 502 969 drab,
525 879 679 970 eminet,
698 905 718 954 e
743 883 841 977 cujus
857 879 1032 954 radicibus
1055 880 1158 957 fluvii
1176 883 1291 973 ladlis,
1313 884 1374 959 via

161 985 219 1073 ni,
244 979 374 1071 mellis,
402 973 615 1066 scaturiunt,
639 997 677 1048 et
702 979 794 1050 inter
820 999 904 1073 quas
927 973 979 1047 est
998 998 1136 1072 quoque
1152 982 1246 1053 vitae
1261 976 1374 1053 fluvi·
1412 1066 1416 1071 ¹

159 1104 211 1153 us.
258 1073 449 1168 Praecipue
480 1071 517 1144 in
543 1094 587 1144 eo
611 1069 681 1144 elle
697 1072 849 1146 statuunt
863 1071 1012 1167 puellas,
1038 1073 1173 1167 semper
1186 1076 1374 1165 virentes,

137 1171 405 1250 .venullilstmas
430 1183 521 1257 etc,
545 1166 584 1243 in
610 1190 752 1263 quarum
778 1167 997 1241 commercio
1020 1169 1119 1243 vitae
1141 1169 1375 1267 pas-adimere

157 1267 306 1346 felicitas
332 1262 489 1363 ponitur.
540 1264 592 1337 Ut
623 1282 741 1337 autem
771 1261 865 1337 hisce
896 1262 1132 1359 voluptatibus
1162 1264 1233 1341 fine
1259 1266 1375 1341 inter·
1407 1314 1411 1321 -

158 1367 337 1448 millione,
361 1381 399 1432 et
421 1357 686 1447 debilitatione,
712 1358 782 1432 frui
806 1357 950 1454 polhut,
977 1359 1072 1432 vires
1087 1359 1283 1436 inmensum
1299 1358 1376 1435 effe

54 1501 60 1514 ·
157 1456 418 1556 arnpllficandas
436 1457 587 1528 docent.
643 1455 809 1527 Ceterum
829 1453 941 1527 varios
965 1455 1146 1529 beatitatis
1167 1456 1372 1531 admittunt

156 1557 292 1655 gradus.
341 1548 616 1626 vindomina
647 1547 908 1623 Muhammedis
938 1550 979 1621 ab
1000 1550 1206 1625 Hermanno
1230 1552 1376 1627 Dalma-

157 1675 194 1727 ta
228 1651 321 1724 versa
356 1649 391 1720 in
426 1645 583 1718 editione
615 1645 780 1719 Alcorani
813 1643 1001 1719 Bibliandri
1033 1666 1078 1740 p.¹
1096 1649 1125 1722 Ι.
1174 1649 1375 1745 Paupernns

154 1768 274 1825 autem
303 1749 372 1817 erit
398 1744 434 1815 in
452 1739 817 1836 paradiso'maximum
834 1740 1078 1837 privilegium
1104 1744 1373 1818 secundamse-

148 1849 254 1925 ¹lebre
282 1835 544 1913 Muhammedis
566 1834 732 1926 effatum,
763 1839 867 1910 oculos
892 1838 929 1908 r'n
955 1837 1140 1934 paradisum
1165 1840 1306 1935 cotj'eci,
1337 1851 1387 1922 es,

159 1943 230 2018 vidi
260 1936 440 2007 maximam
474 1933 651 2004 incolarum
681 1936 754 2028 rJ'us
785 1933 845 2028 effe
873 1947 1203 2031 partempauptrt13
1243 1934 1409 2029 inspexi·

153 2037 352 2133 geliennam,
395 2041 426 2098 et
451 2027 519 2100 ridi
546 2027 724 2103 maximam
755 2029 930 2103 incolarum
961 2033 1034 2126 rjus
1055 2047 1184 2125 partem
1208 2030 1270 2127 effi
1290 2030 1373 2125 fot'·

76 2144 82 2151 '
148 2137 273 2206 urinas.
321 2124 405 2197 Nec
430 2140 549 2195 tamen
574 2121 751 2198 foeminae
775 2121 1092 2199 Muhammedanae
1116 2127 1273 2200 exclusae
1288 2128 1372 2200 sunt

148 2218 344 2300 secundum
371 2217 705 2307 Muhamrnedanos3
745 2219 839 2330 quod
864 2220 1019 2294 nonnulli
1051 2220 1131 2315 ipsis
1156 2221 1240 2296 falso
1264 2224 1303 2295 in

153 2340 255 2396 tant:
295 2335 334 2390 ut
364 2337 410 2387 ex
440 2313 579 2387 disertis
605 2315 770 2388 Alcoram
801 2312 890 2388 locis
917 2315 989 2409 jam
1022 2316 1271 2391 demonstravit
1333 2332 1373 2389 ε’·

154 2418 275 2494 landus
307 2413 328 2488 l.
362 2411 409 2485 ll.
441 2407 473 2507 l.
511 2431 566 2501 19.
625 2412 790 2483 Ceterum
826 2408 967 2484 infimus
999 2409 1191 2486 incolarum
1222 2410 1405 2493 Paradili,

71 2583 75 2591 ,
154 2512 228 2603 est,
254 2508 312 2583 cui
337 2506 414 2580 sunt
444 2504 626 2600 odioginta
648 2506 827 2579 servorum
858 2506 981 2596 millia,
1020 2525 1058 2580 et
1072 2514 1210 2582 ‘uxores
1233 2507 1375 2605 septua-

156 2612 256 2709 ginta
279 2603 388 2691 duae,
413 2617 553 2697 praeter
581 2624 658 2693 eas,
693 2600 833 2696 quasin
860 2600 1086 2676 hosmundo
1112 2603 1243 2679 habuit.
1295 2605 1374 2677 De·

156 2704 262 2802 nique
280 2700 431 2787 ¹vinum,
455 2694 515 2769 hic
539 2698 712 2786 vetitum,
737 2696 788 2770 ibi
819 2717 892 2767 non
918 2715 1048 2771 tantum
1072 2699 1227 2789 licitum,
1252 2699 1311 2773 sed
1331 2698 1376 2774 ad

154 2793 470 2898 ingurgitationem
505 2788 611 2889 usque
649 2791 800 2869 dandum
831 2787 921 2880 esse,
961 2793 1134 2884 creditur,
1173 2796 1300 2892 absque
1331 2812 1373 2869 ut

156 2899 315 2974 ebrietas
344 2890 430 2962 inde
456 2885 600 2962 oriatur.
650 2887 850 2975 Postremo,
884 2908 924 2959 ut
948 2890 1014 2962 alia
1037 2892 1130 2963 bene
1146 2894 1252 2964 multa
1270 2898 1375 2985 prae·'

157 3008 312 3075 teream,
344 3004 493 3075 corpora
517 3000 644 3077 putant
673 2986 806 3080 repleta
831 2980 902 3055 sese
919 3006 983 3078 per
1005 2985 1163 3061 sudorem
1189 2985 1373 3076 exhalare,

156 3086 218 3161 seu
256 3076 460 3155 dulcilitmas
494 3077 761 3163 exhalationes,
802 3074 967 3153 staturam
1013 3082 1142 3155 habere
1180 3088 1227 3155 60
1269 3082 1371 3154 cubi·

158 3200 297 3264 torum,
327 3191 365 3247 ut
389 3169 457 3246 fuit
481 3167 632 3261 Adami,
665 3190 703 3245 et
726 3187 878 3245 aetatem
902 3174 971 3249 elle
997 3199 1044 3272 30
1067 3200 1258 3267 annorum,
1283 3177 1374 3251 sem·

159 3301 224 3379 per
253 3271 456 3368 vigentem,
480 3283 519 3341 et
540 3266 700 3341 eandem.
1364 3302 1368 3309 ·

160 3396 164 3403 ·
208 3371 239 3471 l.
265 3366 379 3443 CXV.
410 3362 512 3436 Licet
535 3362 628 3436 inter
652 3361 970 3438 Muhammedanos
992 3387 1065 3442 non
1093 3366 1224 3457 desint,
1247 3364 1285 3439 in
1300 3365 1376 3464 pri-

160 3470 226 3547 mis
248 3458 467 3555 Philosophi,
497 3456 651 3553 quinon
677 3459 720 3534 ad
746 3458 897 3532 litteram
923 3460 1015 3537 hanc
1030 3460 1300 3561 descriptionem
1315 3485 1376 3538 ca·

160 3565 296 3660 piunt,
331 3548 469 3629 sed-res
491 3550 695 3648 spirituales
717 3555 787 3649 illis
814 3553 993 3651 phrasibus
1016 3558 1270 3655 comprehendi
1311 3562 1373 3632 aui

159 3673 316 3743 sumant,
339 3651 429 3723 iuter
451 3649 565 3723 Persas
595 3675 753 3752 quoque,
778 3650 866 3725 teste
882 3653 1036 3731 Chardin
1059 3657 1081 3752 l.
1106 3655 1169 3731 cit.
1193 3655 1281 3730 duae
1306 3653 1375 3728 srnt

160 3751 313 3834 diversae
341 3743 472 3835 sectae,
503 3766 646 3861 quarunp
673 3773 741 3823 una
764 3747 955 3842 spirituali,
986 3753 1093 3826 altera
1118 3751 1259 3825 litterali
1296 3750 1373 3826 len·

160 3853 212 3933 sui
244 3845 427 3922 adhaeret:
458 3861 654 3916 communis
686 3862 802 3917 tamen
828 3839 914 3916 fides
930 3847 1224 3921 Muhammedana
1241 3847 1373 3936 habet,

159 3946 298 4028 delicias
328 3938 525 4032 corporales
548 3937 586 4008 in
611 3938 771 4011 Paradiso
795 3936 909 4009 locum
938 3941 1109 4016 habituras
1133 3942 1211 4017 esse.
1266 3940 1375 4047 Quod

39 4124 45 4131 ,
158 4036 384 4129 ficutcraffir
408 4052 529 4108 eorum
553 4028 706 4126 ingeniis
727 4028 821 4106 rette
845 4032 1052 4133 respondet,
1084 4037 1135 4116 ita
1161 4037 1374 4210 ipsrdeprum

158 4158 164 4183 ’-
212 4160 216 4171 ·
1242 4159 1264 4210 o
1300 4154 1380 4213 ores
