3078 4462
571 173 678 254 Secti(
701 173 771 252 lx.
856 189 863 217 ¹
1203 201 1276 298 3⁵?

74 342 302 430 antemna
324 345 363 424 in
385 347 640 450 Lotharingio,
665 373 702 428 et
727 347 840 427 exstat
861 347 954 448 apud
978 347 1156 428 sirmond.
1180 374 1270 430 con·

73 445 121 518 cil.
143 444 229 525 Gall.
253 467 341 521 torn.
366 447 413 524 ll.
462 449 629 524 Ceterum
655 450 732 524 Leo
756 471 830 520 rem
853 445 960 542 ipsam
985 450 1127 544 quidem
1159 471 1271 546 agno·

66 543 138 630 uit,
159 539 217 626 sed
240 543 410 640 Symbola
432 545 545 620 noluit
562 544 677 620 inseri.
725 543 830 641 Quod
849 543 955 616 etiam
973 543 1173 618 observavit
1193 548 1274 620 Ma·

69 639 173 724 billum
195 639 293 724 Mus.
317 639 396 712 Ital.
423 655 448 708 t.
472 641 521 716 ll.
542 662 576 736 p.
601 663 662 732 44.
710 639 840 712 Noluit
864 660 998 730 autern,
1025 642 1118 734 quod
1151 662 1272 730 notatu

68 735 199 829 dignum
221 731 296 822 est,
335 732 414 831 quia
439 733 632 830 antiquitus
662 736 696 808 in
721 757 765 806 eo
797 755 868 806 non
904 734 989 822 suit,
1031 758 1099 808 nec
1132 737 1273 824 articuli

68 826 212 974 tymopti
250 827 328 903 suot
364 827 464 902 nimis
494 829 756 929 multiplicandi.
805 830 959 904 Salutate
991 829 1154 926 proferto
1192 855 1269 922 mo,-

68 947 188 1005 tutum.

106 1021 135 1119 s.
158 1017 396 1094 CCCXXXIL
442 1016 542 1092 Hinc
584 1041 672 1096 vero
712 1016 894 1115 gravissimi
931 1015 1009 1093 sunt
1050 1039 1166 1096 motus
1198 1019 1270 1097 orti

67 1115 146 1192 inter
166 1115 317 1188 Latinos
343 1113 568 1202 etGraecor,
606 1114 666 1212 qui
716 1115 841 1188 timum
854 1115 1052 1188 ‘censentur
1083 1141 1103 1190 a
1130 1120 1268 1214 Julian·

68 1231 104 1288 ne
124 1208 465 1304 Hierosolymitano,
492 1207 618 1284 deinde
645 1234 665 1283 a
688 1137 843 1300 ihotin,
873 1209 1040 1290 suscitati.
1092 1213 1268 1286 Monachi
1353 1254 1355 1263 π

69 1307 192 1403 quidam
218 1304 362 1396 Latini,
385 1327 465 1377 cum
492 1329 511 1379 a
537 1305 696 1401 Johaune
719 1303 903 1378 Monacho
932 1306 1072 1380 Graeco
1098 1307 1269 1382 Hieroso·

66 1402 239 1501 lpmitaoo,
265 1423 346 1475 curn
369 1399 530 1496 Jonanne
556 1401 772 1474 Damasceno
794 1421 867 1474 non
884 1399 1160 1502 confundendo,
1186 1403 1270 1475 hae·

68 1499 157 1573 testor
182 1497 445 1584 accusarentur,
472 1514 509 1566 et
534 1496 886 1590 vexarentur,.quod
909 1496 945 1568 in
969 1495 1185 1574 confeffione
1210 1497 1270 1573 lta·

68 1595 178 1670 berent
201 1591 358 1688 Spiritus
381 1593 415 1664 S.
441 1591 693 1686 processionem
718 1613 762 1665 ex
786 1592 897 1688 Patre
912 1589 1091 1688 Filioque,
1115 1592 1157 1668 ad
1174 1592 1269 1666 Leo·

17 1701 19 1776 ,
68 1711 136 1766 neto
161 1691 293 1784 Papam
317 1685 385 1760 hac
408 1684 453 1758 de
479 1707 516 1757 te
532 1685 759 1779 scripserunt,
784 1687 844 1782 qui
869 1686 906 1762 in
931 1685 1059 1762 litterir
1084 1687 1268 1786 responso·

68 1783 136 1870 riis,
166 1806 186 1858 a
216 1783 383 1878 Lequien
407 1782 428 1854 l.
456 1781 519 1855 cit.
545 1780 666 1872 editis,
705 1781 953 1858 consesfionem
987 1783 1159 1862 Ecclesiae
1192 1783 1269 1876 Ro·

68 1901 176 1956 manae
202 1901 286 1952 cum
312 1877 373 1952 illo
395 1877 631 1952 additamento
662 1875 772 1968 misit,
812 1877 909 1950 stmul
943 1879 1104 1958 Carnium
1136 1881 1194 1956 M.
1224 1879 1272 1956 de

70 1997 106 2049 cu
126 1973 315 2060 certiorem
339 1971 448 2062 fecit,
493 1975 553 2069 qui
577 1997 654 2048 carn
680 1976 726 2056 ub
750 1972 883 2045 causam
917 1973 1097 2068 synodum
1130 1996 1268 2050 convo·

70 2072 148 2145 cavit
170 2065 379 2165 Aquisgran.
405 2090 435 2140 a.
463 2075 544 2158 809.
553 2123 564 2158 ,
589 2071 625 2142 in
650 2091 716 2168 qua
736 2063 839 2162 ipsius
861 2068 1016 2164 symboli
1040 2067 1142 2140 CPol.
1166 2069 1266 2146 addi·
1294 2115 1299 2125 ι

68 2183 249 2242 ramentum
273 2161 324 2237 est
347 2159 533 2253 sancitum,
569 2184 606 2238 et
630 2169 672 2240 ad
697 2165 822 2258 Papam
846 2183 912 2258 pet
935 2163 1088 2258 Legatos
1110 2159 1270 2254 milium,

66 2261 114 2336 sed
133 2263 173 2336 ab
197 2285 246 2333 eo
266 2261 493 2354 adprobatum
518 2281 588 2334 non
614 2259 683 2348 est,
726 2280 765 2331 ur
798 2257 904 2330 modo
938 2256 1084 2332 narravi.
1142 2257 1270 2332 Mutua

67 2375 182 2432 tanturn
219 2353 311 2452 quod
335 2352 468 2450 sopitos
501 2355 716 2428 resuscitavit
746 2353 911 2443 Photius,
941 2352 1021 2448 qui,
1061 2374 1142 2428 cum
1185 2350 1269 2428 illud

67 2453 328 2527 additamentum
352 2448 579 2539 confessioni,
603 2474 622 2523 a
639 2447 774 2522 Latinis
798 2443 889 2522 inter
904 2448 1069 2546 Bulgaror
1086 2447 1266 2556 vulgatae,

67 2547 123 2625 tile
147 2547 338 2634 insertum,
353 2544 609 2636 intellexisset,
634 2541 781 2640 epistola
805 2541 847 2616 ad
872 2543 1032 2618 Orientis
1050 2545 1268 2622 Patttarclta'a
1375 2565 1376 2568 ’

67 2643 149 2735 data,
189 2665 279 2740 qnae
311 2638 464 2736 superest
495 2640 588 2714 inter
621 2642 696 2737 ejus
728 2636 907 2735 epistolar,
949 2637 1072 2712 ordine
1096 2639 1265 2734 secundo,

64 2759 167 2812 contra
195 2738 281 2814 illud
304 2736 378 2808 fuse
402 2735 617 2830 disputavit,
658 2757 768 2831 eaque
798 2733 938 2808 tatione
968 2734 1062 2830 quast
1093 2735 1265 2812 classicum

66 2833 194 2912 cecinit.
245 2831 368 2908 Edidit
389 2852 571 2928 praeterea
594 2849 717 2906 contra
741 2831 811 2902 ltoc
834 2828 980 2924 dogma,
1006 2830 1156 2926 aliosque
1172 2817 1272 2905 Lari-

69 2947 176 3005 notum
202 2952 340 3016 morer,
366 2925 569 3020 trafilatum,
603 2927 700 3021 cujus
723 2923 917 3020 fragmenta
940 2923 1057 3018 passim
1084 2927 1268 3026 reperiun-

68 3040 116 3098 tur
135 3027 171 3102 io
214 3022 387 3121 Operibus
416 3023 550 3116 Leonis,
586 3021 731 3096 Allatii..
750 3023 828 3094 Into
854 3020 1025 3097 Michaeli
1048 3020 1265 3122 inperatori.

73 3137 106 3188 ct
124 3121 240 3199 Basilio
264 3115 415 3205 Caesari,
442 3140 543 3193 autor
567 3117 654 3206 suit,
680 3131 720 3188 ut
743 3117 923 3206 decretum
949 3115 992 3188 de
1019 3115 1109 3204 fide,
1143 3138 1266 3194 coorta

72 3209 261 3312 illrcapita,
279 3212 477 3289 emiserint:
503 3215 594 3310 quod
612 3210 726 3284 multis
743 3211 911 3284 refutavit
927 3213 1157 3304 Ratramnus‚
1178 3215 1265 3288 Cor·

64 3307 200 3402 briensis
235 3311 448 3386 Monachus.
507 3306 657 3380 Protulit
695 3304 847 3400 denique
877 3305 1023 3380 Photius
1064 3307 1264 3400 epistolam,

67 3419 214 3495 tanquam
244 3406 448 3504 aJolianne
471 3404 574 3478 Vlll.
598 3399 852 3493 conscriptam,
887 3401 924 3476 in
960 3425 1029 3500 qua
1049 3403 1264 3492 ,Latinorum

69 3499 205 3599 dogmati
235 3525 320 3578 nota
353 3498 505 3573 inuritur
535 3497 788 3594 blasphemiae,
838 3493 896 3570 sed
937 3523 1006 3594 quo
1031 3497 1123 3594 ipsu,
1167 3499 1263 3594 quod
1387 3527 1401 3586 ς

59 3613 100 3678 rt
121 3598 264 3678 aiunde
278 3614 397 3698 patet,
421 3593 564 3692 epistola
587 3594 643 3678 illa
668 3589 925 3688 demonstratur
949 3593 1041 3668 fiola.
1104 3653 1107 3666 .
1184 3647 1187 3656 ,

543 3703 548 3714 ’
622 3691 734 3788 ng
978 3687 1016 3786 5.
1041 3677 1263 3774 cccxxllt.
