3104 4814
1289 396 1300 413 t

557 434 566 439 .
1273 418 1287 443 l

156 672 245 762 ·148
419 694 422 701 ·
563 657 710 760 Historia
732 655 869 760 Eccles..
885 657 1002 762 Christ.

171 868 231 921 een
253 864 301 919 ex
322 854 454 916 euentu
478 835 547 914 else
571 858 690 932 οιιιις
715 860 803 938 quae
820 838 865 916 de
887 836 1113 936 singularibus
1127 856 1238 939 tguut
1259 843 1393 936 tebet,

128 972 133 982 ·
171 960 210 1016 et
234 937 335 1028 fatis,
358 959 439 1012 cutn
466 936 506 1010 iu
529 934 707 1012 Alco'rano
731 955 864 1011 tanturn
884 936 1067 1034 generales
1090 937 1245 1028 exstent,
1269 938 1389 1036 aqui·

165 1039 249 1211 sm·
267 1031 490 1132 proferendis
522 1029 705 1127 abstineo,
742 1030 859 1107 videri
873 1029 1022 1129 *possunt
1047 1034 1140 1131 apud
1161 1034 1396 1113 Maracctun

184 1150 280 1207 ‚ctu
1207 1188 1212 1197 1
1367 1164 1375 1175 ·

219 1227 252 1328 s.
278 1226 518 1300 CXXXVIII.
558 1222 724 1323 Denique
748 1221 853 1321 ipfius
874 1222 1136 1298 Muhummedis
1159 1223 1387 1321 testimonio,

167 1321 214 1397 de
238 1323 398 1398 miffione
421 1322 477 1395 suu
507 1316 649 1409 diviua,
674 1320 804 1421 quippe
825 1320 863 1393 in
889 1341 928 1393 re
950 1320 1113 1419 propria,
1137 1339 1175 1397 et
1199 1324 1242 1396 ab
1267 1322 1386 1399 homi·

168 1440 216 1493 ne
240 1417 394 1493 lanatico
424 1438 466 1491 ac
500 1415 686 1491 ambitioso
717 1414 904 1515 profecto,
944 1435 1107 1513 tanquam
1140 1415 1282 1515 exigui,
1321 1435 1385 1497 aut

167 1515 312 1604 nullius,
339 1512 485 1599 valoris,
510 1508 631 1603 milio,
654 1535 703 1587 eo
724 1537 761 1586 m
805 1512 856 1601 in,
878 1512 972 1609 quod
989 1511 1118 1587 nudum
1143 1509 1204 1603 fit,
1228 1535 1265 1589 et
1281 1521 1394 1603 nullo¹

167 1607 437 1708 superstructum
463 1606 717 1700 fundamento,
757 1632 777 1683 a
832 1607 1179 1683 Muhammedanismi
1209 1632 1384 1710 propagn-

167 1706 320 1796 tionem,
333 1722 380 1779 'et
404 1702 611 1800 stupendum
636 1706 711 1800 ejus
730 1726 773 1779 ac
797 1703 1015 1779 subitaneum
1036 1702 1079 1777 in
1102 1706 1188 1779 orbe
1213 1710 1383 1806 progres-

162 1802 254 1890 sum,
282 1802 411 1896 inquo
435 1799 504 1872 sese
526 1798 679 1874 maxime
703 1798 847 1874 fundare
867 1797 1005 1891 solent,
1038 1797 1126 1874 teste
1152 1798 1257 1897 etiun
1281 1798 1390 1904 Sep?

166 1895 414 1974 temcastrense
439 1892 460 1968 l.
483 1892 549 1970 cit.
572 1918 604 1968 c.
628 1916 652 1985 9
675 1913 714 1969 et
742 1917 821 1985 11.,
853 1918 988 1992 pergo,
1021 1911 1058 1968 ut
1082 1896 1157 1992 ejus
1178 1899 1390 1995 rationem,

164 1993 292 2088 absque
318 2008 358 2062 ut
381 1985 522 2061 divinae
545 1989 693 2087 originis
709 1989 751 2065 fit
775 1989 930 2087 siguum,
955 1989 1124 2088 pandam
1148 2016 1235 2090 quae
1249 1996 1295 2071 nd
1309 1995 1380 2074 sta·

165 2109 240 2165 tum
259 2081 530 2172 Christianismi,
556 2103 594 2158 et
608 2107 819 2182 regnorum,
843 2085 901 2160 seu
919 2087 1143 2183 populorum,
1160 2091 1263 2188 nujus
1281 2094 1377 2170 teun-

191 2182 258 2256 orie
283 2176 545 2270 conditionem
567 2202 747 2275 praeterea
770 2180 814 2254 ad
838 2181 978 2257 modum
1050 2185 1268 2280 upngationis
1286 2191 1377 2268 Mu·

162 2208 467 2364 sammedanismi,
493 2273 720 2365 adtendenti,
744 2275 848 2352 facilc
869 2277 941 2351 sele
966 2302 989 2352 o
1017 2298 1103 2353 eret.
1154 2282 1376 2364 Christianis·

161 2371 1226 2567 lsstllloeclustellisllllgtlluzll
1247 2379 1375 2556 illis

351 2523 362 2557 ι
422 2546 425 2553 .
708 2554 711 2559 ,
894 2524 904 2560 ι
1212 2527 1223 2557 n
1360 2521 1379 2543 ·

160 2571 228 2642 rius
255 2563 363 2639 senas
385 2561 564 2637 distraetus
588 2582 683 2652 erat,
723 2584 760 2639 et
783 2567 912 2638 mutuis
938 2567 1029 2641 odiis
1051 2587 1091 2639 ac
1121 2568 1379 2653 vexationibus

160 2663 348 2759 flagrabat3
385 2681 455 2732 av
477 2682 518 2732 ro
548 2658 710 2756 publicae
741 2656 793 2733 rei
823 2656 953 2751 studio,
994 2681 1033 2735 et
1062 2659 1193 2738 virtute
1224 2667 1379 2767 bellica,

158 2760 306 2837 multum
328 2753 422 2830 deici
450 2772 535 2831 erat.
582 2753 727 2854 Religio
752 2777 838 2830 vero
859 2757 1100 2831 Muhamnned.
1127 2783 1172 2833 ex
1203 2769 1377 2849 omnibus

158 2856 257 2936 illius
289 2851 461 2950 temporie
492 2849 717 2950 religionibus
739 2875 781 2927 ac
803 2851 1029 2950 opinionibus
1054 2877 1094 2926 eu
1123 2856 1259 2930 ratione
1289 2884 1378 2941 erat

39 2976 42 2981 ’
157 2949 331 3059 conllutu,
355 2946 410 3018 oti
432 2967 516 3019 mox
531 2949 686 3053 patebit,
711 2945 900 3057 utineam
920 2947 1377 3063 lucilevicleuenturcoad·

121 3122 125 3135 ·“
157 3066 258 3218 ill*
277 3038 701 3244 ιὲοῗὲἰέιξὲοἳιῖξῗῖῑι
716 3049 1379 3249 {isselttessellatus:

155 3234 227 3313 sed
251 3229 438 3330 paeaecipua
465 3250 673 3306 ιιιετειιιειιιι
711 3232 811 3306 causa
845 3233 882 3308 in
916 3258 1021 3309 armis
1061 3254 1099 3309 et
1130 3239 1230 3313 bellis.
1255 3264 1371 3337 quiae.

156 3329 266 3407 tenda
287 3325 360 3419 est,
390 3347 537 3440 quorum
560 3326 704 3404 fuerunt
724 3325 970 3418 studiosissimi,
1010 3349 1047 3402 et
1068 3333 1281 3429 peritiffimi,
1326 3343 1378 3421 in·

155 3422 338 3522 disciplina
368 3421 514 3499 militari
538 3422 641 3497 valde
671 3424 856 3522 occupati,
881 3443 918 3498 ut
938 3428 1085 3523 Busbeu
1113 3433 1227 3507 tundit
1274 3434 1369 3516 vid.

154 3542 196 3601 et
218 3519 396 3597 Relandun
425 3516 501 3594 diss
527 3518 668 3593 miscell.
692 3521 762 3610 X„
785 3519 831 3595 de
843 3521 922 3618 jure
946 3544 1067 3596 eorum
1084 3525 1237 3602 militari.
1269 3530 1367 3609 Fue·

151 3633 233 3696 tunt
263 3615 371 3692 etium
401 3614 445 3690 ud
474 3636 516 3690 ea
547 3617 705 3692 omnibus
738 3616 854 3693 modis
887 3615 1053 3708 excitati,
1097 3645 1144 3697 ex
1182 3623 1369 3725 principio.

154 3734 295 3814 quoque
318 3708 436 3787 saluti·
459 3728 497 3786 et
518 3711 729 3809 omnigenae
760 3713 950 3790 felicitatis.
1002 3716 1167 3794 Gladium
1193 3719 1263 3794 effe
1293 3725 1368 3801 cln-

153 3831 236 3893 vem
263 3804 356 3883 coeli
381 3804 474 3880 dixit
496 3806 745 3897 Muhunmed,
769 3807 919 3906 eosque,
950 3811 1010 3909 qui
1035 3812 1077 3887 in
1100 3818 1190 3894 bello
1211 3840 1287 3913 pto
1302 3841 1363 3897 re·

153 3905 291 4008 ligiune
312 3899 541 3991 occiduntur,
578 3904 739 4001 martyrii
763 3924 948 3994 coronam,
990 3925 1026 3981 et
1048 3908 1152 3987 vitam
1176 3913 1367 4010 paradifia.

145 4028 228 4086 cnm
240 3995 428 4103 consequi,
452 3993 662 4085 declaravit,
690 3996 746 4073 uti
760 4000 836 4074 Sur.
862 4000 908 4076 ll:
936 4023 1015 4093 149.
1041 4002 1109 4097 X.;
1135 4009 1364 4088 etalibisae'·

149 4127 211 4211 pe.
259 4096 344 4178 Fuit
372 4112 512 4199 quoque
532 4115 603 4197 pen
629 4113 726 4172 euna
756 4091 889 4196 ub'n1ue.
914 4117 1083 4177 ternarum
1111 4104 1203 4183 haec
1232 4105 1368 4217 religio

1251 4220 1369 4284 mtto»

958 4318 963 4361 ι

963 4658 1060 4696 Q
