3104 4814
525 640 589 731 ιτ
646 632 896 733 nennio
1315 648 1395 737 iii

157 812 376 897 blothecm
395 812 492 894 Cleri
521 812 600 895 fere
632 819 902 897 constituerunt.
951 818 1052 916 Juffit
1082 814 1207 918 utique
1243 818 1388 899 errotis

155 914 180 987 i.
202 916 235 991 l.
263 913 528 1023 ,Capitolinum
544 938 622 1015 cap.
650 942 756 1014 103„
778 939 898 993 curam
914 912 999 996 dent
1013 914 1203 1015 Episcopi,
1227 938 1266 991 ut
1281 918 1382 995 Pret-

158 1013 278 1107 byterr
302 1010 473 1107 Miffulem
495 1014 813 1106 rtiiitionnriunr,
830 1009 903 1106 stur
927 1028 1049 1103 ceteros
1073 1013 1217 1103 libellos,
1233 1011 1304 1107 stbt‘
1324 1037 1381 1089 rit·

159 1102 332 1203 topiariis,
362 1113 443 1183 ieie
464 1110 793 1187 coneorsinbeart.
839 1108 996 1182 Fuerunt
1027 1127 1145 1197 autem
1177 1109 1380 1207 praecipui,

159 1200 317 1298 Miffirle,
354 1225 425 1303 quo
453 1202 586 1300 singula
609 1204 654 1284 ad
683 1206 824 1285 miliarii¹
843 1200 1062 1302 pertinentia
1081 1204 1380 1298 continebantur,

159 1300 420 1392 lectionarium,
445 1297 484 1373 iti
508 1322 580 1396 quo
601 1299 774 1377 lesbiones
796 1318 834 1374 et
857 1300 1046 1395 Euangelia
1071 1298 1117 1379 de
1138 1300 1270 1375 circulo
1296 1304 1379 1377 anni

159 1412 280 1489 eraut,
306 1396 498 1494 capitulare
521 1398 806 1493 euangeliorum,
830 1393 913 1471 alias
935 1393 1039 1472 etiam
1061 1398 1283 1492 breviarium,
1306 1421 1380 1495 quo

160 1490 260 1568 initii
292 1508 331 1565 et
360 1490 450 1567 fines
480 1491 769 1592 Euangelicarutu
801 1491 995 1567 teetionum
1023 1515 1090 1587 per
1122 1491 1272 1591 fingulos
1304 1497 1383 1569 dies

158 1586 571 1685 comprehendebantur,
612 1610 794 1685 praeterea
818 1586 920 1661 Liber
944 1590 1210 1681 euangeliorum,
1249 1586 1381 1685 Psaltt·

161 1686 264 1775 rium,
297 1684 578 1781 antiphonarium,
617 1686 699 1759 liirr
731 1689 770 1762 de
794 1700 959 1778 computo,
999 1686 1039 1757 dt
1068 1685 1179 1767 ordint¹
1204 1684 1360 1779 baptismi
1366 1739 1381 1777 ,

164 1782 443 1878 wtyroiogiurri,
469 1783 716 1876 poenitentiale,
735 1775 935 1877 paffloitulr,
961 1799 1117 1853 canonum
1139 1779 1306 1871 uolumen,
1326 1780 1380 1855 lio·

163 1878 350 2045 nilittlpo
374 1875 542 1973 Gregorii
561 1878 623 1955 M.
668 1874 756 1955 Vid.
778 1873 932 1965 Btluziut
945 1873 989 1951 ad
1010 1874 1119 1952 libros
1133 1872 1383 1975 capitularium

165 1988 255 2049 lom.
319 2027 329 2045 .
380 1994 527 2047 ilio.

173 2132 181 2150 .
200 2066 240 2167 §-
257 1994 397 2181 pcvll.
431 1994 631 2142 Destitilus
653 2062 837 2179 Biptisini,
859 2079 902 2143 ut
922 2061 968 2145 ad
1005 2152 1008 2157 ,
1052 2084 1105 2179 tet
1125 2069 1240 2182 cultus
1251 2063 1381 2167 publici

162 2185 313 2337 iste
321 2162 977 2373 trististristis
998 2190 1019 2371 ξ
1036 2164 1389 2371 iniistis

163 2354 251 2431 dum
280 2354 421 2452 scriptis
451 2354 497 2429 de
530 2359 656 2433 ritibus
684 2357 788 2452 hujus
818 2364 1035 2433 sacramenti.
1082 2356 1187 2432 Misit
1214 2356 1390 2453 nimirum

165 2452 310 2529 &rolris
330 2474 361 2527 a.
388 2459 472 2532 812.
496 2451 690 2548 encyclicas
711 2457 754 2526 ad
785 2451 888 2551 regni
912 2448 964 2526 sui
989 2448 1283 2545 Aicbiepiscopos
1306 2451 1384 2527 Lit-

164 2565 261 2635 tems
278 2548 347 2623 bic
367 2544 413 2621 de
438 2567 499 2636 te,
525 2570 666 2644 quarum
685 2571 751 2622 uria
767 2547 810 2621 ad
831 2545 1054 2621 Odilbettum
1075 2544 1384 2621 Mediolanensem
1412 2620 1415 2627 .

164 2642 239 2721 toli
277 2638 434 2741 superest
474 2641 512 2715 in
543 2642 722 2719 Analedlis
754 2641 974 2719 Mabillonii:
992 2640 1056 2733 ‚ad
1086 2666 1169 2740 quas
1202 2639 1388 2739 respondit

166 2738 415 2828 Theodosius,
454 2736 712 2814 Aurelianensis
744 2737 958 2835 Episcopus,
994 2737 1040 2811 de
1078 2738 1188 2812 ordine
1228 2735 1385 2834 baptismi

165 2836 264 2915 rud.
293 2832 469 2913 Sirmond.
502 2857 604 2931 oper.
647 2854 675 2909 t.
708 2833 758 2906 ΙΙ.
796 2831 999 2908 Odilbettut
1035 2832 1310 2933 Mediolanensis
1345 2830 1389 2923 iit

263 2931 351 3009 cetis
384 2927 606 3018 Mabillonii,
646 2927 857 3019 Leidradus,
894 2926 1135 3026 Lugdunensis
1172 2928 1388 3031 Episcopus,

171 3026 285 3119 ibid,
316 3024 549 3115 Amalaticus,
582 3023 804 3103 'frevirenfis
824 3022 1039 3123 Episcopus,
1075 3026 1114 3101 in
1138 3024 1227 3102 libro
1259 3024 1311 3121 ,de
1345 3026 1392 3109 Si

170 3122 390 3225 baptismate,
433 3123 493 3221 qui
525 3121 608 3195 salso
643 3118 844 3197 inscribitur
878 3120 1054 3211 Alcuino,
1090 3123 1135 3196 de
1174 3146 1248 3220 quo
1285 3123 1389 3222 supra

171 3222 265 3299 dixi.
299 3216 447 3315 Magni,
462 3215 673 3292 Senoneusis
688 3213 974 3313 Archiepiscopi,
997 3217 1150 3309 libellus,
1176 3220 1241 3295 bac
1257 3218 1386 3295 occasi·

170 3340 248 3395 mire
265 3314 426 3425 scriptus,
445 3312 489 3387 de
507 3312 652 3409 riryslrrio
666 3314 890 3412 baptismatis,
910 3334 976 3387 nec
989 3311 1214 3388 nonAleuini
1230 3313 1269 3389 in
1284 3312 1388 3413 episi.

170 3412 430 3493 sibodorum
454 3410 721 3507 Presbyterum,
752 3408 907 3508 superest
935 3408 1029 3505 apud
1066 3410 1235 3505 Matiene
1264 3412 1391 3522 Antip.

175 3509 311 3587 Eccles.
329 3507 393 3583 ¹rit.
417 3504 479 3583 lib.
501 3506 531 3581 1.
556 3530 592 3602 p.
617 3508 647 3585 l.
692 3504 749 3581 Ex
764 3506 889 3604 quibus
913 3524 1021 3602 patet·
1043 3504 1304 3599 monumentis,
1332 3530 1388 3583 ni.

176 3608 251 3699 hii,
274 3624 337 3679 aut
357 3623 499 3701 parurn,
525 3601 591 3675 hac
612 3622 734 3696 parte,
757 3622 818 3677 aut
836 3604 872 3674 in
887 3602 965 3676 aliis
978 3600 1091 3675 cultus
1105 3602 1281 3712 partibus,
1305 3604 1390 3681 ibis,

174 3704 215 3783 se
246 3705 321 3777 boc
349 3698 470 3773 seculo
503 3716 641 3787 ortum,
681 3720 787 3795 quare
819 3696 940 3791 paucis
980 3695 1125 3794 defungi
1161 3719 1326 3809 potero„
1355 3728 1388 3780 1.

175 3802 267 3879 Mos
290 3792 469 3883 obtinuit,
493 3812 532 3866 tit
552 3792 704 3868 infantes
722 3791 884 3867 morituri
900 3790 1033 3866 suerint
1048 3815 1113 3888 per
1132 3794 1259 3869 laicum
1283 3796 1390 3873 etiarn

176 3891 372 3993 baptizati,
404 3892 570 3965 beneditio
583 3887 779 3983 stmplicitet
800 3912 887 3985 aqua
913 3890 945 3959 iii
968 3891 1089 3963 nurnine
1113 3888 1249 3968 Diutiui
1272 3896 1389 3964 intinc-

174 3997 209 4073 ti
234 3992 287 4068 rii
300 3982 493 4090 suptffufi,
516 4008 588 4061 rum
605 3990 805 4063 invocatione
827 3986 864 4060 S.
895 3982 1094 4075 Trinitatis,
1118 4007 1158 4059 ut
1177 3986 1212 4059 in
1231 3986 1304 4059 vita
1329 3987 1388 4059 Li·

142 4164 146 4169 ,
172 4088 302 4189 :dgrri
325 4100 486 4163 amatur
520 4081 576 4169 in,
590 4080 1142 4253 Allia-Betprdstintblabillou.
1171 4080 1333 4251 sesllvc.
1353 4106 1398 4191 p,

813 4199 880 4279 op
1258 4227 1267 4248 .
1335 4198 1399 4269 on·¹
