3104 4814
148 613 219 694 333
287 549 298 565 ’
513 574 662 678 Historia
687 579 812 682 Eccles.
839 581 957 683 Christ.

148 762 291 861 Magis,
322 779 410 857 quor
431 755 649 854 tempestarios
672 758 844 855 adpellat,
878 779 951 836 tum
985 755 1023 835 in
1052 757 1146 834 libro
1176 757 1223 835 de
1247 758 1372 832 iiviris

142 858 343 964 sententiis,
358 876 481 928 contra
496 878 581 943 eos,
599 853 658 950 qui
668 859 855 949 putabant,
870 855 1041 953 judicium
1052 859 1119 930 Dei
1137 854 1253 944 ferro,
1272 855 1376 951 igne,

151 959 213 1034 vel
235 975 343 1050 aqua,
367 951 424 1022 vel
441 949 545 1023 armis
562 949 732 1043 patefieri.
783 973 815 1044 3.
841 955 881 1024 In
908 952 1040 1026 divinis
1061 951 1205 1040 officiis,
1228 966 1375 1023 conten·

153 1054 205 1127 dit
235 1051 272 1122 in
306 1048 399 1120 libro
425 1044 470 1117 de
494 1048 606 1119 divina
626 1043 828 1138 psalmodia,
860 1047 962 1136 nihil,
994 1047 1056 1121 nist
1081 1047 1174 1142 quod
1190 1069 1244 1120 ‚ex
1261 1046 1380 1140 Scrip-

152 1166 252 1222 turae
268 1145 303 1217 S.
330 1141 449 1215 verbis
464 1137 515 1212 est
532 1148 760 1230 contextum,
783 1143 902 1217 locum
921 1142 1052 1216 babere
1068 1147 1208 1215 debere.
1259 1164 1296 1231 4
1313 1140 1376 1214 se·

154 1240 227 1316 culi
258 1238 306 1314 sui
339 1256 487 1324 morea,
526 1237 649 1331 quibus
682 1235 880 1312 sacerdotes
907 1237 1106 1312 contemtui
1139 1239 1378 1324 habebantur,

153 1357 193 1411 et
220 1334 264 1410 ad
288 1330 446 1407 vilisfitna
469 1353 577 1427 opera
590 1329 863 1422 adhibebantur,
894 1330 1013 1428 suget,
1043 1352 1081 1406 et
1095 1331 1245 1420 refutat,
1271 1331 1309 1404 in
1335 1327 1377 1403 li·

154 1436 221 1508 bro
249 1429 294 1502 de
315 1428 493 1524 privilegio
515 1442 549 1499 et
576 1430 654 1523 jure
672 1422 862 1521 sacerdotii.
911 1429 1094 1524 Denique,
1134 1452 1179 1501 ne
1208 1426 1277 1502 alia
1306 1447 1379 1498 me·

155 1545 315 1614 motem,
353 1545 389 1614 5.
416 1524 453 1594 in
485 1519 576 1595 libro
598 1540 722 1596 contra
746 1519 969 1618 Fredegisurn
991 1523 1165 1596 Abbatem
1190 1520 1285 1596 inter
1311 1521 1377 1595 alia

187 1624 288 1695 robat
315 1649 350 1694 ι.
378 1612 545 1713 Spiritum
564 1615 601 1690 S.
624 1620 731 1691 verba
755 1615 951 1715 corporalia
976 1639 1048 1689 non
1065 1613 1225 1691 formasse
1251 1616 1291 1692 In
1315 1637 1379 1689 ore

158 1648 758 1898 {arremarensem
781 1710 1379 1883 “semitertianae

162 1929 238 1982 tum
264 1898 464 1989 credidisse,
489 1918 527 1972 et
549 1896 623 1974 dici
647 1898 743 1995 posse
768 1901 990 1977 christianos.

210 2001 243 2099 s.
267 1996 443 2073 cccvss.
475 1991 656 2100 Celebrior
679 1995 813 2086 adhuc,
845 1995 905 2094 qui
927 1995 1053 2071 eodem
1078 2015 1240 2092 tempore
1262 1992 1382 2085 vixit,

165 2118 203 2173 et
227 2090 420 2173 alio-etiarn
436 2110 600 2177 nomme,
625 2087 677 2162 est
693 2094 867 2181 Claudius,
893 2113 999 2188 gente
1026 2093 1222 2188 Hispanus,
1245 2111 1286 2165 et
1311 2093 1379 2164 Fe·

163 2188 239 2267 litis
267 2181 477 2281 Urgellitani
504 2182 589 2257 disci
618 2185 711 2276 ulus,
751 2187 903 2283 primum
928 2189 1112 2284 Presbyter
1143 2188 1180 2259 in
1211 2185 1286 2261 aula
1310 2185 1384 2258 Lu·

65 2322 68 2327 ·
166 2281 338 2359 novicia.
364 2288 470 2369 815„
497 2274 581 2351 dein
591 2208 785 2376 iipiscopus
800 2281 1044 2373 Taurinenfia‚
1071 2301 1109 2355 ut
1135 2306 1179 2354 ex
1197 2282 1288 2377 Jona
1305 2280 1382 2355 Au·

8 2427 26 2438 ⁶
162 2375 340 2456 relianensr
366 2375 411 2446 de
447 2373 536 2449 culta
560 2379 737 2469 imaginum
761 2376 783 2449 Ι.
801 2378 830 2449 1.
855 2374 1006 2468 constat,
1031 2377 1159 2471 Script.
1177 2380 1212 2451 ὃ.
1237 2374 1382 2467 studio,

164 2473 350 2568 multisque
379 2467 417 2542 in
449 2492 527 2543 eam
566 2467 708 2567 scriptis
739 2473 1022 2562 commentariis,
1062 2476 1217 2544 nondum
1251 2470 1382 2560 editis,

166 2573 286 2646 clarus.
336 2567 531 2661 Imaginum
560 2566 691 2641 cultum
732 2590 804 2640 non
834 2585 969 2640 tanturn
992 2567 1216 2662 inprobavit,
1255 2566 1384 2640 sedet

166 2691 225 2744 eas
240 2661 384 2740 abolitas
399 2661 533 2752 voluit,
551 2661 637 2735 ficut
652 2663 688 2734 in
705 2662 908 2758 episcopatu
923 2662 983 2735 suo
997 2660 1076 2760 post
1090 2682 1306 2735 conventum
1314 2662 1382 2735 Pa·

167 2761 296 2837 ristens.
328 2780 359 2832 a
385 2762 467 2844 825.
510 2755 629 2853 reapse
660 2756 850 2853 praestitit,
889 2757 965 2829 aliis
1002 2758 1109 2831 etiarn
1140 2755 1389 2852 superstitiosa

168 2859 291 2933 ritibus
318 2851 352 2925 se
376 2851 559 2945 opposuit,
591 2849 643 2925 uti
664 2850 860 2927 adorationi
893 2852 1028 2940 crucis,
1068 2871 1105 2924 et
1126 2851 1383 2948 peregrinatio·

168 2951 267 3024 nibus
291 2944 393 3018 sacris
418 2944 461 3016 ad
483 2945 668 3020 memorias
691 2948 905 3036 sauciorum,
930 2946 1105 3044 speciatim
1131 2949 1173 3020 ad
1192 2947 1388 3023 Ecclesiam

169 3041 279 3118 Petri.
327 3037 484 3145 Superbe
503 3040 629 3146 etiam,
649 3041 705 3113 vel
722 3041 896 3132 animose,
922 3043 1097 3138 respondit
1115 3043 1389 3135 Theodemiro,

172 3138 274 3212 Gallo
298 3133 445 3224 Abbati,
470 3155 551 3228 qur,
581 3134 708 3207 litteris
731 3137 774 3209 ad
800 3160 881 3209 eum
903 3138 1065 3226 directis,
1101 3161 1171 3211 non
1196 3138 1392 3214 adorandae

168 3231 332 3331 quidem,
355 3246 508 3303 attamen
525 3228 742 3318 retinendas,
767 3231 850 3305 ursrt
866 3233 1055 3327 irnagines3
1078 3233 1171 3307 edito
1188 3234 1294 3328 apolo
1321 3233 1389 3309 eti·

169 3350 234 3413 co,
258 3325 351 3397 unde
377 3343 542 3420 excerpta
567 3322 701 3397 exstant
724 3328 815 3421 apud
833 3328 974 3421 Jonarn,
999 3327 1129 3424 dequo
1147 3352 1242 3403 mox.
1284 3258 1392 3430 {uae

171 3418 314 3497 cortem
344 3416 478 3492 exstant
517 3419 610 3515 apud
645 3419 846 3494 Goldastom
874 3423 915 3493 ad
954 3422 1084 3495 calcem
1120 3425 1312 3499 coileiiionis
1350 3427 1396 3500 de

169 3521 259 3593 culta
290 3517 488 3610 imaginum,
529 3531 568 3589 et
601 3513 640 3587 in
673 3516 842 3613 Catalogo
875 3515 1014 3612 sellium
1046 3523 1196 3594 veritatis
1232 3520 1296 3599 lib.
1323 3520 1391 3600 IX.

171 3610 422 3713 commentarii
459 3608 533 3718 ejus
565 3607 608 3682 ad
641 3609 771 3709 Script.
800 3617 834 3688 S.
868 3616 1023 3687 nondum
1055 3616 1166 3688 lucem
1201 3612 1392 3709 viderunt,

172 3722 328 3799 excepto
354 3703 396 3776 ad
419 3704 526 3801 Eprst.
551 3704 592 3780 ad
626 3703 748 3796 Galat,
773 3711 809 3783 in
834 3733 903 3818 quo
921 3709 1054 3784 sensum
1080 3710 1269 3787 litteralem
1281 3712 1393 3788 unice

170 3804 342 3886 sebatur,
373 3818 439 3869 nec
463 3801 551 3872 male
578 3801 680 3900 saepe
707 3805 890 3898 exposuit,
935 3825 973 3877 et
1001 3807 1186 3900 prooemio
1207 3808 1248 3882 ad
1274 3806 1393 3906 Epist.

173 3899 216 3976 ad
238 3889 426 4000 Ephesqet
451 3892 488 3964 in
514 3893 630 3969 Levit.
663 3896 697 3966 in
720 3895 875 3969 Anatett.
902 3899 1100 3974 Mabissonii
1128 3921 1212 3976 torn.
1238 3904 1268 3978 1.
1316 3907 1395 3978 Ac·

171 3992 307 4076 cusator
330 4007 438 4066 ettam
466 3988 507 4064 ab
535 3987 785 4088 antagonistir,
809 4011 895 4066 mox
912 3995 1166 4094 memorandis,
1191 3995 1242 4073 est
1261 4001 1397 4075 erroris

1309 4094 1392 4169 Arii
