3104 4814
669 658 778 763 Serui,
802 658 889 737 VII.
1004 672 1011 738 ἱ

346 868 353 877 ·
445 837 516 912 DE
540 834 713 911 STATU
735 837 960 911 HOMINIS
983 836 1109 913 POST

594 1027 740 1102 HANC
765 1026 954 1103 VITAM.

182 1270 185 1275 ·
208 1214 242 1318 ι
264 1214 361 1293 cix.
386 1214 477 1297 Cum
501 1214 877 1295 Muharnmedanorum
895 1212 1103 1316 opiniones,
1130 1222 1212 1297 satit
1239 1221 1391 1320 fingule-

165 1338 237 1401 τοι,
263 1316 335 1391 hac
359 1311 406 1387 de
433 1335 472 1385 re
495 1311 601 1385 fufius
626 1315 831 1411 exposuerit
855 1316 1010 1390 Pocock.
1035 1337 1110 1393 not.
1135 1319 1283 1395 Miscell.
1306 1343 1387 1415 cap.

166 1412 273 1501 vlt,
314 1410 460 1483 brevem
483 1430 599 1481 earum
620 1408 752 1485 dedille
774 1411 1002 1508 conspectum
1038 1409 1231 1489 suffecerit.
1292 1417 1384 1489 Cum

161 1507 272 1580 homo
297 1509 476 1592 moritur,
516 1501 631 1579 anima
654 1527 692 1579 et
716 1530 845 1603 corpus
872 1508 1014 1603 quidem
1038 1530 1059 1580 a
1080 1513 1116 1585 se
1144 1511 1303 1585 invicem
1332 1510 1385 1583 se·-

195 1621 342 1675 arantur
370 1600 429 1674 sed
457 1621 605 1692 corpus,
632 1601 814 1697 sepulchro
837 1605 1058 1690 mandatum,
1090 1607 1247 1679 severum
1271 1608 1308 1677 in
1332 1604 1389 1701 ip-

160 1626 199 1770 iti
223 1717 458 1771 monumento
481 1693 594 1770 subire
620 1696 726 1771 debet
753 1720 921 1788 examen,
955 1699 1068 1771 anima
1091 1701 1134 1774 ad
1165 1716 1303 1796 tempus
1329 1722 1386 1774 re·

166 1794 242 1867 dire
261 1790 374 1889 iulia,
397 1812 436 1865 ut
461 1791 610 1865 Chardin
633 1811 670 1865 ct
697 1794 898 1869 Maracciut
922 1791 1159 1870 observarunt.
1209 1797 1293 1868 Duo
1318 1794 1386 1869 lei·

161 1889 248 1963 licet
269 1888 407 1985 Angeli
432 1887 547 1981 nigri,
588 1887 709 1978 lividi,
754 1909 793 1963 et
825 1888 942 1985 specie
967 1889 1132 1981 terribili,
1171 1891 1326 1964 Moncar
1346 1907 1388 1964 et

164 1986 287 2075 Naur,
313 1983 429 2081 ipsum
452 1981 606 2057 ercitum
632 1980 753 2059 sedere
775 1982 930 2075 faciunt,
970 1984 1084 2059 anima
1107 1985 1312 2082 praesente,
1343 2003 1385 2060 et
1456 2024 1465 2029 ·

185 2083 247 2155 uid
273 2080 491 2169 crediderit,
516 2079 600 2173 quid
624 2079 669 2153 de
685 2079 938 2155 Muhammede
954 2078 1115 2165 senserit.
1140 2083 1383 2180 interrogant:

163 2105 308 2255 lreue
325 2175 568 2272 responderit,
592 2174 730 2269 placide
746 2175 961 2266 obdormire,
990 2194 1028 2249 et
1054 2175 1126 2253 offa
1151 2179 1307 2252 molliter
1320 2201 1384 2253 cu·

164 2276 252 2351 bare
276 2271 416 2358 sinunt3
443 2269 492 2342 sm
508 2270 624 2343 minus
646 2271 763 2362 reite,
789 2273 954 2368 gravibus
970 2272 1171 2347 malleorum
1190 2273 1316 2349 ictibus
1333 2278 1386 2349 in·

161 2388 217 2443 ter
242 2390 346 2443 autes
370 2366 479 2462 iplirm
505 2369 681 2456 cruciant,
714 2367 765 2441 ita
799 2388 838 2442 ut
868 2367 1044 2440 horrendo
1072 2369 1240 2459 clamore,
1279 2393 1384 2466 quern

159 2488 232 2539 nec
261 2462 423 2538 homines
448 2483 516 2535 nec
544 2461 641 2557 genii
676 2463 840 2552 audiunt,
880 2465 1037 2535 dolorem
1068 2465 1261 2559 exprimat,
1300 2466 1385 2541 dein

158 2560 221 2634 sub
260 2582 379 2648 terra,
418 2560 523 2652 usque
554 2555 596 2628 ad
628 2558 940 2644 resurrectionem,
989 2558 1082 2631 artie
1130 2559 1408 2653 comprimunt:

159 2659 246 2757 Quo
269 2656 346 2749 ipse
371 2654 600 2727 Multammed
624 2652 754 2727 adludit
778 2657 854 2729 Sur.
889 2653 993 2729 V111.
1028 2677 1086 2749 53.
1117 2655 1240 2749 Angelt'
1268 2676 1385 2749 percu·

156 2762 245 2829 tium
264 2752 386 2849 faties
401 2772 505 2822 eorum
535 2746 742 2845 (infidelium
768 2746 998 2845 sepultorum)
1024 2770 1061 2822 et
1077 2750 1172 2845 dorsa
1190 2753 1384 2845 eornmfus·

157 2856 251 2926 tibur
268 2848 424 2947 semis,
457 2862 489 2918 tt
514 2848 626 2919 dicunt
651 2849 716 2934 iit,
739 2850 870 2940 gustate
889 2864 1024 2938 poenam
1048 2844 1292 2937 combustionis:
1324 2850 1386 2926 ubi

156 2949 233 3023 rid.
262 2938 485 3029 Maracciua,
510 2959 549 3013 et
573 2941 616 3013 ad
639 2942 714 3015 Sur.
739 2943 784 3013 11.
817 2949 898 3014 161.
950 2940 1050 3036 Quae
1076 2945 1194 3014 omnia
1218 2966 1262 3015 ex
1284 2943 1385 3019 labu-

156 3043 200 3119 lit
222 3037 438 3117 Rabbinicis
461 3036 539 3106 sunt
559 3034 733 3125 defututa,
767 3035 853 3108 Vid.
899 3035 988 3108 Elius
1012 3034 1142 3109 Levita
1165 3038 1202 3111 in
1229 3040 1383 3134 Thisbi,

157 3140 200 3213 ad
214 3160 333 3211 vocer
353 3129 603 3274 'Dp-[om
614 3140 628 3215 l
644 3150 681 3205 ut
701 3151 737 3205 et
752 3132 909 3206 Buxtorf.
936 3132 1248 3240 inleuTalmud.
1301 3137 1386 3238 Quo

152 3232 318 3335 judicio,
344 3230 453 3304 futui
478 3232 584 3302 status
605 3229 807 3325 praesagio,
832 3227 998 3323 peradl0,
1023 3250 1159 3300 animae
1192 3230 1382 3311 iustarum

160 3352 199 3407 et
223 3334 369 3417 locum,
402 3329 436 3402 ei
459 3346 672 3419 congruum,
697 3325 946 3419 deportantur,
971 3322 1124 3394 Fidelium
1142 3330 1244 3397 aereo
1269 3349 1306 3400 et
1330 3351 1382 3404 te·

157 3425 225 3503 nui
250 3447 405 3516 corpore
430 3420 576 3496 vestitae
613 3421 716 3514 usque
739 3420 782 3492 ad
806 3420 964 3516 corporis
995 3417 1130 3516 proprii
1161 3424 1380 3498 resurrectio·

165 3544 272 3604 nem,
303 3519 477 3619 (credunt
500 3516 592 3590 enirn
617 3522 767 3589 animam
792 3514 863 3588 sine
890 3536 1040 3631 corpore
1063 3515 1149 3588 nihil
1175 3517 1272 3611 poue
1296 3544 1379 3617 age.

163 3616 226 3719 te)
249 3616 413 3691 fzrnntur
439 3613 476 3687 in
497 3614 614 3686 locum
638 3610 724 3684 fidei
747 3629 785 3684 et
808 3611 905 3683 vitae
930 3631 1050 3705 aptum
1075 3633 1138 3705 per
1152 3611 1239 3684 duos
1258 3615 1379 3710 Ange.

160 3718 216 3793 los
240 3714 342 3789 lucis.
393 3712 511 3806 Quem
535 3710 648 3781 locum
674 3730 739 3801 pro
765 3705 908 3781 diversis
929 3707 1013 3780 fidei
1067 3708 1203 3779 rudibus
1237 3709 1379 3806 fingunt

158 3812 234 3889 effe
262 3808 464 3906 triplicem,
512 3804 760 3900 Prophetarum
783 3803 935 3893 Spiritus
955 3729 1090 3875 direlie
1116 3803 1152 3875 in
1183 3805 1380 3886 Paradisum

155 3909 264 4081 {35⁵⁹
266 3907 438 4092 lllf¹²1¹7³0
456 3899 873 4068 ‘illitterati
896 3897 1384 4072 lllll⁰¹¹zl⁰lr¹lllll

227 4062 238 4080 ο
326 4059 335 4075 0
441 4058 448 4072 ·
1046 4047 1057 4081 5
1130 4048 1163 4079 'l
1230 4052 1245 4067 ⁵

151 4099 473 4183 Muhammedem,
512 4091 642 4166 versuti
664 4091 718 4179 in,
739 4088 897 4164 veficulis
921 4093 1090 4167 collorum
1112 4092 1229 4164 avium
1262 4088 1407 4168 virili„

768 4186 843 4275 1³4
1279 4207 1388 4280 ura,
1456 4204 1510 4523 Ι
