3104 4814
202 417 208 430 ⁹
1239 432 1250 445 e

147 570 224 661 pan
423 567 429 574 ·
517 540 668 646 ffistorr’a
690 491 817 646 siccius.
839 539 970 647 ‚Chrr’ffi

19 794 23 801 .
149 722 303 816 directe,
326 709 449 800 veroin
465 724 597 823 populo
618 726 801 815 Romano,
827 721 912 799 illud
927 717 1060 799 facinus
1074 716 1252 799 tribuitur.
1301 720 1382 799 Ora·

149 841 225 896 turn
248 845 330 896 mox
356 820 439 894 inde
462 819 531 912 est,
563 822 657 918 quod
689 822 848 907 Petrum,
881 817 1025 893 ducatui
1042 818 1216 905 ,Romano
1241 840 1265 894 a
1288 810 1384 891 Phi·

149 916 284 1026 lippico
310 913 547 1012 praesertum,
572 917 795 1026 repudiarint·
815 913 1054 1024 Romanipet
1078 915 1248 989 tumultus
1274 914 1378 987 inter

42 1164 51 1179 ,
149 1013 469 1185 ἓὲἓέἔᾳῗὲᾱξῗὲῗέ
485 1008 1379 1206 thathidiotasdhrim.

23 1253 27 1261 ·
151 1208 246 1281 cibus
269 1226 305 1275 ro
326 1200 423 1294 mifit.
475 1203 561 1279 Vid.
588 1204 801 1301 Anastasius„
1375 1234 1381 1255 ¹

162 1298 166 1305 '
190 1300 233 1470 (ᾗ.
259 1300 456 1375 CCXXIV.
482 1324 516 1391 4.
541 1298 720 1373 Anastasio
737 1322 823 1373 vero
845 1297 883 1374 in
906 1294 1061 1394 Philippi
1082 1298 1197 1371 locum
1219 1292 1374 1387 everto,
1413 1318 1416 1323 ·

149 1395 225 1498 ipe
252 1418 336 1469 mox
371 1396 586 1471 orthodoxae
620 1394 704 1473 fidei
738 1394 992 1469 confessionem
1022 1390 1121 1487 misit
1145 1394 1187 1467 ad
1217 1392 1379 1489 Papam,-

152 1489 215 1605 qui
238 1513 316 1565 eam
338 1490 565 1588 adprobavit,
592 1488 680 1565 teste
708 1488 896 1566 Anastasio.
920 1488 1096 1585 johannes
1113 1510 1254 1586 quoque
1275 1489 1375 1565 cro·

151 1589 298 1677 htaour,
327 1587 384 1685 qui
407 1588 608 1686 Philippico
630 1585 788 1663 adsensus
805 1586 940 1673 suerat,
975 1582 1073 1659 missa
1095 1581 1242 1681 epistola
1272 1604 1375 1658 com·

153 1682 357 1760 munionem
386 1683 460 1781 ejus
492 1685 614 1780 petiit,
654 1702 694 1755 et
717 1681 933 1758 commissum
964 1679 1080 1770 suum,
1121 1700 1288 1777 tanquam
1323 1700 1384 1755 er

154 1778 358 1880 prudentia,
382 1800 420 1853 et
438 1779 582 1868 srlentii,
600 1778 660 1851 seu
675 1777 960 1874 dispensationis,
978 1777 1183 1850 oeconomia
1178 1830 1204 1881 3
1228 1772 1382 1872 profem·

156 1898 255 1962 tum,
280 1873 482 1961 excusavit,
507 1874 648 1962 dicens,
672 1872 797 1949 senon
822 1867 995 1951 damnasse
1020 1872 1374 1968 synodumvstaur,

154 1970 312 2059 tantum,
337 1989 375 2040 re
405 1966 416 2039 i
448 1968 478 2042 sa
501 1970 612 2056 saiva,
639 1967 778 2062 phrases
793 1991 834 2044 ac
852 1967 1022 2044 terminos
1044 1973 1191 2043 duarum
1207 1968 1376 2043 voiunta-

155 2085 231 2143 tnm
255 2064 291 2138 in
317 2060 402 2136 Chri
434 2062 653 2162 oreJecisse.
704 2064 810 2139 Edita
833 2062 886 2140 est
919 2060 1066 2161 epistola
1110 2087 1131 2138 a
1161 2060 1377 2139 Combefisio

155 2161 193 2236 in
222 2156 388 2232 ductario
412 2176 439 2232 t.
467 2161 536 2251 ΙΙ.,
569 2161 671 2256 piena
705 2158 921 2235 adulationis.
972 2158 1160 2255 Inscriptio
1192 2158 1278 2235 licet
1311 2158 1375 2251 sit,

155 2254 330 2351 Jotarnes
366 2253 571 2345 Constantino
592 2254 707 2352 fratri
741 2272 774 2328 rt
809 2258 1040 2348 comministro,
1071 2257 1222 2350 adpelsat
1253 2274 1375 2331 tamen

155 2371 242 2424 mox
264 2347 303 2424 in
329 2351 511 2448 principio
535 2353 653 2428 sedern
681 2353 875 2426 Romanam
899 2380 1054 2427 euroram
1084 2355 1235 2426 canonice
1268 2374 1377 2462 repo·

157 2445 1205 2621 histrisrsss'ssRssthtdbhthz”sitisse
1218 2446 1377 2641 rpvpp

158 2639 234 2732 ria,
267 2568 478 2715 sedqnescio
508 2663 551 2714 an
581 2637 659 2714 satis
684 2636 795 2712 solido
825 2570 1065 2716 fundamenio.
1113 2662 1147 2731 5.
1187 2568 1378 2737 fimique,

159 2735 226 2812 lite
248 2733 292 2810 de
323 2735 594 2811 consecratione
624 2734 792 2847 Episcopi
824 2733 965 2826 Ticini,
992 2735 1053 2809 seu
1086 2733 1236 2832 Papiae,
1271 2758 1377 2832 quant

162 2829 439 2908 Mediolanensrs
470 2829 532 2907 fibi
565 2830 784 2925 vindicabat,
815 2852 910 2922 orta,
942 2849 980 2917 et
1010 2831 1052 2929 ad
1082 2833 1210 2928 Papam
1242 2832 1379 2920 delata,

161 2923 237 3020 ipse
259 2948 333 2998 eam
362 2926 423 3000 srbi
441 2925 633 3016 adtribuit,
657 2945 695 3002 ut
719 2931 757 3003 P.
779 2929 960 3004 Diaconos
993 2947 1031 3000 et
1054 2927 1250 3003 Anastafiur
1281 2926 1379 3002 rese·

161 3037 257 3097 runt.
305 3018 418 3093 Hisce
441 3019 603 3110 addatur,
635 3021 722 3096 licet
757 3020 842 3094 tanti
875 3046 947 3102 non
980 3022 1157 3112 videatur,
1189 3027 1286 3098 hunc
1318 3024 1391 3098 Pa·-

161 3135 244 3214 pam
274 3112 426 3210 primum
468 3113 558 3202 esse,
598 3117 659 3213 qui
700 3112 857 3210 epistolis
898 3118 965 3193 suin
1000 3117 1215 3217 praescripsit
1238 3117 1383 3211 salutm

163 3208 716 3384 pzppssosipnm·benedigiqmrp:
743 3228 790 3382 uta
805 3211 856 3287 est
878 3213 913 3288 in
942 3212 1043 3311 epist.
1072 3218 1144 3313 ejus
1165 3217 1207 3291 ad
1231 3216 1382 3292 Britual'·

322 3330 349 3380 rr
368 3331 541 3387 annianum
591 3330 676 3382 runa
692 3330 748 3382 em
792 3364 801 3382 .
850 3335 909 3392 ο.

180 3360 452 3501 ,5.ἘΕΧΧΧῙ.
476 3402 714 3480 Successorem
749 3330 1041 3502 ejus⁷c⁷regrrium
1072 3407 1117 3480 Is.
1152 3410 1195 3484 ab
1230 3432 1262 3487 a.
1296 3431 1382 3507 731.

165 3497 209 3573 ad
225 3520 331 3592 731.,
356 3503 584 3576 celebriorem
604 3500 851 3590 reddiderunt,
868 3521 1005 3596 praeter
1020 3502 1105 3594 alia,
1131 3507 1387 3583 contentionet

167 3604 251 3668 cum
273 3595 549 3687 inperatoribus,
585 3597 682 3673 causa
704 3597 905 3695 imaginum.
954 3599 1089 3689 Mitto,
1115 3600 1207 3696 quod
1233 3604 1388 3697 Synodi-

166 3708 245 3764 cam
273 3688 440 3782 Johannis
473 3693 571 3768 CPos.
606 3694 743 3770 dicatur
777 3694 959 3787 recusasse,
993 3696 1100 3769 etiam
1133 3696 1313 3793 effecisse,
1348 3716 1391 3775 ut

168 3786 212 3862 ab
238 3783 547 3860 Anastasro‘fuerit
572 3789 766 3887 depositus,
792 3788 872 3884 qnia
893 3791 1081 3867 fabulosum
1106 3793 1175 3885 est,
1199 3818 1279 3869 cum
1307 3795 1408 3881 uni·¹

169 3904 210 3954 us
242 3879 391 3953 Cedreni
424 3882 611 3958 autoritate
644 3887 795 3972 nitatur,
839 3884 1078 3976 Theophanes
1111 3891 1154 3962 de
1188 3913 1233 3962 eo
1267 3890 1389 3985 sileat,

166 3995 324 4059 mortuus
342 3999 478 4079 quoque
497 3978 538 4055 su
553 4001 584 4055 a.
611 4002 717 4072 715,
745 4002 816 4078 quo
844 3980 1036 4080 Gregorius
1059 3985 1286 4081 Papa’sadius
1312 3988 1393 4079 est,

179 4141 233 4221 tu
715 4176 719 4181 .
1347 4102 1392 4161 θ’
