3104 4814
155 549 217 700 ι’,
557 592 997 721 mtminnut'ctrrst.

154 823 240 893 no,
270 821 305 873 a.
331 803 435 885 68o.,
464 793 616 896 quinque
648 798 888 874 oecumenica
920 794 1066 872 concilii
1096 799 1174 875 sunt
1213 801 1378 898 admiiia',

164 916 205 968 ‘et
229 893 521 968 Monotheiismur
546 902 726 966 damnatus
754 893 814 968 est.
861 895 955 967 Beda
978 898 1001 968 i.
1028 897 1095 970 lV.
1130 921 1162 972 c.
1199 923 1268 994 17..
1309 904 1382 976 Pri·

156 996 249 1066 'mus
273 999 415 1087 quoque
438 986 489 1061 est
515 989 609 1061 inter
632 987 897 1074 occidentales,
922 991 981 1086 qui
1006 990 1130 1066 librum
1158 995 1290 1091 sctipfit
1310 1017 1385 1092 poe·

147 1070 400 1175 minurientem,
435 1107 481 1158 ex
508 1107 578 1180 quo
601 1083 782 1160 summaria
807 1082 921 1182 capita
950 1094 999 1179 78
1028 1089 1177 1163 exhibet
1202 1094 1381 1188 spelman.

165 1184 298 1258 ‘concii
323 1181 429 1278 Angl.
455 1180 540 1253 torn}
566 1181 592 1252 i.
639 1179 756 1278 ipsum
780 1200 896 1254 autem
922 1201 1009 1274 opus
1032 1184 1184 1259 nondum
1210 1187 1259 1261 cst
1276 1190 1313 1263 in
1332 1191 1383 1262 lu·

169 1302 247 1354 cem
272 1278 499 1375 pronaum.
548 1275 653 1372 Quod
677 1275 772 1351 enim
797 1277 929 1350 Petitur
953 1275 1011 1349 sub
1035 1280 1107 1354 hoc
1134 1282 1238 1355 titulo
1262 1285 1380 1360 edidit

161 1373 327 1466 «Potistia,
372 1372 534 1470 exiguam
565 1390 701 1444 tantum
725 1373 799 1468 ejus
824 1392 961 1469 partem
984 1377 1274 1470 comprehendit,
1309 1402 1381 1455 nec

171 1492 248 1545 eam
273 1493 420 1566 puram3
453 1469 510 1542 sed
532 1465 796 1563 interpolatam,
828 1469 956 1564 reliqua
980 1492 1068 1541 veto
1096 1471 1305 1577 farraginem
1334 1477 1382 1549 ri·

170 1583 291 1655 tuum,
316 1588 360 1638 ex
378 1563 520 1639 diversis
535 1563 726 1637 canonibus
740 1562 949 1650 conflatam,
974 1564 1209 1658 constituunt,
1229 1590 1267 1643 ut
1285 1570 1384 1646 reite

166 1660 326 1736 advertit
362 1659 533 1758 Dupinius
565 1659 601 1730 in
629 1658 739 1748 nint,
783 1661 840 1756 qui
866 1682 910 1750 14
934 1659 1011 1733 iiior
1039 1663 1161 1735 titulos
1196 1667 1382 1742 Theodori

169 1781 216 1833 ex
242 1782 287 1831 en
312 1753 402 1829 libro
425 1751 619 1842 recensuit,
645 1774 681 1828 et
705 1752 800 1828 recte
823 1757 1003 1843 observat,
1045 1758 1081 1829 in
1107 1757 1174 1831 illis
1190 1764 1381 1836 occurrere

168 1853 354 1940 nonnuli-o,
378 1853 420 1924 ab
445 1849 503 1921 itio
531 1867 690 1944 tempore
714 1850 850 1937 adeon,
881 1853 987 1924 etiam
1014 1852 1210 1928 Tiieodoro
1236 1878 1380 1934 contm·

169 1949 242 2036 ria,
267 1951 356 2021 adeo
389 1945 490 2018 otiis
529 1943 707 2018 fidendum
739 1966 810 2019 non
834 1943 889 2018 stt.-
943 1948 1125 2021 Praeterea
1152 1971 1223 2025 reo
1254 1953 1383 2030 Theo·

163 2046 253 2119 'dori
279 2041 452 2134 capitula,
479 2042 584 2133 longe
607 2041 769 2136 puriora,
792 2040 827 2112 in
850 2043 963 2114 lucem
991 2044 1159 2138 produxit
1183 2048 1380 2127 Dachetiut

162 2139 212 2215 iu
244 2135 454 2233 spicilegio,
496 2155 581 2208 tom.
615 2138 643 2210 1.
695 2139 783 2210 Sunt
815 2156 933 2211 autem
960 2140 1134 2232 quantivis
1164 2142 1291 2237 pretii,
1334 2146 1379 2222 ad

168 2233 271 2329 hujus
303 2248 340 2304 et
374 2232 442 2328 seq.
477 2232 666 2304 seculorum
704 2230 919 2326 disciplinam
950 2236 1238 2329 cognoscendam.
1278 2241 1379 2316 Solet

66 2348 69 2354 ’
131 2351 256 2415 ‚nero
289 2328 349 2401 hic
380 2329 439 2400 vir
470 2323 590 2401 habeti
624 2328 834 2423 praecipuus
859 2348 1045 2423 corruptae
1067 2329 1152 2404 disci
1181 2336 1271 2407 linae
1296 2359 1384 2433 pto·

136 2445 306 2512 motor,
330 2424 459 2497 nullum
486 2423 582 2494 enim
609 2443 680 2496 tam
704 2443 806 2495 atrox
831 2418 881 2493 est
897 2421 1050 2515 crimen,
1074 2358 1379 2523 quotipaucotunr

167 2541 338 2598 annorum
371 2516 594 2611 poenitentia
624 2542 695 2591 non
729 2518 887 2613 potuerit
918 2519 1019 2594 ablui.
1078 2524 1147 2595 Sed
1176 2524 1268 2598 inter
1300 2529 1381 2622 ejus

167 2637 322 2714 canonep
333 2630 434 2708 35tns
451 2613 576 2700 habet,
595 2616 685 2710 quod
706 2613 818 2685 notari
834 2634 1009 2705 meretur,
1026 2615 1196 2714 liceresoli
1212 2621 1284 2693 Deo
1301 2647 1378 2696 con·
1423 2681 1425 2684 <

196 2713 259 2787 teri
288 2714 321 2782 in
340 2710 417 2804 cusu
435 2703 642 2806 neceffltatir.
667 2728 736 2781 etc.
787 2709 1007 2783 Conferenda
1024 2713 1117 2800 sunt,
1143 2738 1230 2809 quee
1247 2718 1384 2797 Petitur

165 2831 204 2887 ιιι
219 2804 399 2904 dissertat,
425 2804 582 2891 editioni,
602 2807 675 2901 ejus
699 2803 907 2895 subjundiis,
931 2805 973 2879 ad
991 2806 1064 2902 ‘ejus
1087 2809 1325 2886 defensionem
1340 2816 1379 2893 in

164 2907 320 2981 medium
344 2901 477 2976 adtulit.
528 2904 691 2974 Ceterum
708 2901 857 2996 primum
876 2901 945 2975 hoc
970 2904 1021 2978 est
1043 2904 1079 2976 in
1098 2906 1295 2980 Occidente
1311 2933 1377 3003 pu·

165 3001 334 3077 blicatum
366 2997 611 3089 poenitentiale,
642 2997 744 3065 etad
770 2999 843 3088 ejus
868 3020 1023 3072 norrnnm
1048 3000 1131 3073 iilud
1158 3005 1381 3097 Romanum,

160 3093 296 3191 aliaque
321 3089 440 3164 iimiiia
463 3089 500 3163 in
524 3087 723 3161 Occidente
757 3089 971 3164 conformata
1007 3094 1094 3166 sunt.
1144 3098 1377 3179 Provocatum

164 3190 270 3266 etiam
296 3185 415 3287 paffitn
439 3185 482 3261 td
506 3181 589 3258 iliud
616 3182 668 3259 est
692 3183 728 3258 in
755 3183 920 3283 Synodis,
953 3208 991 3260 et
1013 3186 1175 3265 omnibus
1196 3214 1378 3275 commen·

161 3287 294 3364 datum.
740 3326 745 3333 ·

161 3396 167 3439 -·
210 3381 242 3482 §.
268 3380 314 3456 X.
341 3377 560 3476 Adiungitur
579 3376 634 3467 ei,
658 3378 768 3452 verbo
792 3380 1052 3472 memorandus,
1082 3382 1275 3479 Adicimus,
1301 3390 1376 3484 pri.

163 3501 260 3554 mum
287 3476 481 3550 Monachus
504 3494 540 3546 et
565 3476 682 3547 Abbne
707 3475 962 3562 ssubunenm,
988 3477 1060 3550 srve
1085 3481 1377 3564 Maimerburien·

160 3573 227 3663 fis,
264 3570 532 3661 deinprimus,
575 3572 663 3664 apud
696 3573 850 3644 Saxones
876 3570 1121 3650 Occidentaies
1151 3577 1188 3651 in
1224 3583 1373 3680 Angssia,

160 3669 357 3768 Episcopus
373 3664 679 3750 Scherburnenfis,
699 3664 756 3737 seu
774 3667 1048 3758 Sarisburiensrs,
1069 3674 1231 3786 egregius
1248 3702 1376 3773 auceps

159 3764 379 3863 antiquarum
411 3786 540 3834 vocum
572 3761 682 3834 dietus
712 3762 875 3860 ,sttmafio
911 3766 952 3834 ad
985 3767 1226 3863 Spanianum,
1257 3777 1377 3851 Bedae

74 3922 77 3927 .
158 3864 270 3949 dero,
294 3858 386 3933 Hist.
412 3857 462 3932 V:
494 3881 545 3946 19·
573 3858 631 3928 Vn
653 3855 862 3954 dntiiffimns.
892 3857 1028 3936 (cernone
1052 3865 1171 3936 nitidus
1208 3873 1250 3939 in
1266 3871 1370 3963 scrip.

156 3977 325 4044 tenorum,
353 3972 421 4029 turn
443 3953 626 4050 ,liberalium
653 3978 747 4047 quarn
777 3953 1091 4046 trctestastnamm.
1116 3963 1291 4035 eruditione
1316 3971 1377 4041 nri.

158 4057 307 4163 nondun,
346 4053 420 4129 diei
452 4049 623 4154 peichntie
642 4070 646 4087 ·
663 4072 744 4128 curu
779 4051 954 4167 inornatis
978 4056 1185 4136 celebrandi
1222 4045 1381 4141 strenoun

145 4156 215 4209 ι*
730 4156 751 4208 ὲ
794 4158 804 4209 ’·
1258 4174 1385 4245 contra
