<?xml version="1.0" encoding="UTF-8"?>
<!DOCTYPE html PUBLIC "-//W3C//DTD XHTML 1.0 Transitional//EN"
    "http://www.w3.org/TR/xhtml1/DTD/xhtml1-transitional.dtd">
<html xmlns="http://www.w3.org/1999/xhtml" xml:lang="en" lang="en">
 <head>
  <title>
</title>
<meta http-equiv="Content-Type" content="text/html;charset=utf-8" />
  <meta name='ocr-system' content='tesseract 3.04.00' />
  <meta name='ocr-capabilities' content='ocr_page ocr_carea ocr_par ocr_line ocrx_word'/>
</head>
<body>
  <div class='ocr_page' id='page_1' title='image "./hermannivenemai03venegoog_0132.png"; bbox 0 0 3104 4814; ppageno 0'>
   <div class='ocr_carea' id='block_1_1' title="bbox 520 584 525 593">
    <p class='ocr_par' dir='ltr' id='par_1_1' title="bbox 520 584 525 593">
     <span class='ocr_line' id='line_1_1' title="bbox 520 584 525 593; baseline 0 0"><span class='ocrx_word' id='word_1_1' title='bbox 520 584 525 593; x_wconf 62' lang='lat' dir='ltr'>t</span> 
     </span>
    </p>
   </div>
   <div class='ocr_carea' id='block_1_2' title="bbox 118 474 1410 774">
    <p class='ocr_par' dir='ltr' id='par_1_2' title="bbox 118 474 1410 774">
     <span class='ocr_line' id='line_1_2' title="bbox 118 474 121 561; baseline 0 0"><span class='ocrx_word' id='word_1_2' title='bbox 118 474 121 561; x_wconf 92' lang='lat' dir='ltr'>l</span> 
     </span>
     <span class='ocr_line' id='line_1_3' title="bbox 696 658 1410 774; baseline 0.014 -37"><span class='ocrx_word' id='word_1_3' title='bbox 696 658 802 741; x_wconf 82' lang='lat' dir='ltr'>Secal.</span> <span class='ocrx_word' id='word_1_4' title='bbox 824 659 912 739; x_wconf 81' lang='lat' dir='ltr'>Vll.</span> <span class='ocrx_word' id='word_1_5' title='bbox 1327 686 1410 774; x_wconf 66' lang='lat' dir='ltr'>rag</span> 
     </span>
    </p>
   </div>
   <div class='ocr_carea' id='block_1_3' title="bbox 153 833 1406 4283">
    <p class='ocr_par' dir='ltr' id='par_1_3' title="bbox 153 833 1406 4283">
     <span class='ocr_line' id='line_1_4' title="bbox 187 833 1406 938; baseline 0.011 -28"><span class='ocrx_word' id='word_1_6' title='bbox 187 833 442 913; x_wconf 74' lang='lat' dir='ltr'>resurredlionis</span> <span class='ocrx_word' id='word_1_7' title='bbox 466 835 617 937; x_wconf 86' lang='lat' dir='ltr'>spatium</span> <span class='ocrx_word' id='word_1_8' title='bbox 633 837 809 913; x_wconf 86' lang='lat' dir='ltr'>collocant</span> <span class='ocrx_word' id='word_1_9' title='bbox 829 861 890 931; x_wconf 86' lang='lat'>40.</span> <span class='ocrx_word' id='word_1_10' title='bbox 916 858 1085 913; x_wconf 89' lang='lat' dir='ltr'>annorum</span> <span class='ocrx_word' id='word_1_11' title='bbox 1110 838 1203 937; x_wconf 90' lang='lat' dir='ltr'>qnod</span> <span class='ocrx_word' id='word_1_12' title='bbox 1227 840 1406 938; x_wconf 83' lang='lat' dir='ltr'>adpellant</span> 
     </span>
     <span class='ocr_line' id='line_1_5' title="bbox 184 931 1401 1031; baseline 0.009 -23"><span class='ocrx_word' id='word_1_13' title='bbox 184 936 392 1008; x_wconf 73' lang='lat' dir='ltr'>Albmzaclr:</span> <span class='ocrx_word' id='word_1_14' title='bbox 416 938 517 1031; x_wconf 85' lang='lat' dir='ltr'>cujus</span> <span class='ocrx_word' id='word_1_15' title='bbox 538 933 688 1029; x_wconf 78' lang='lat' dir='ltr'>duplicis</span> <span class='ocrx_word' id='word_1_16' title='bbox 711 936 815 1008; x_wconf 90' lang='lat' dir='ltr'>tubae</span> <span class='ocrx_word' id='word_1_17' title='bbox 839 931 975 1008; x_wconf 90' lang='lat' dir='ltr'>mentio</span> <span class='ocrx_word' id='word_1_18' title='bbox 991 933 1105 1008; x_wconf 85' lang='lat' dir='ltr'>exstat</span> <span class='ocrx_word' id='word_1_19' title='bbox 1120 937 1198 1011; x_wconf 82' lang='lat' dir='ltr'>Sur.</span> <span class='ocrx_word' id='word_1_20' title='bbox 1225 939 1401 1019; x_wconf 81' lang='lat' dir='ltr'>XXXVl:</span> 
     </span>
     <span class='ocr_line' id='line_1_6' title="bbox 180 1026 1401 1120; baseline 0.002 -10"><span class='ocrx_word' id='word_1_21' title='bbox 180 1039 238 1120; x_wconf 81' lang='grc'>48,</span> <span class='ocrx_word' id='word_1_22' title='bbox 260 1052 323 1120; x_wconf 84' lang='lat'>50.</span> <span class='ocrx_word' id='word_1_23' title='bbox 378 1029 542 1105; x_wconf 83' lang='lat' dir='ltr'>Tradunt</span> <span class='ocrx_word' id='word_1_24' title='bbox 561 1030 668 1103; x_wconf 90' lang='lat' dir='ltr'>etiam</span> <span class='ocrx_word' id='word_1_25' title='bbox 683 1030 728 1103; x_wconf 89' lang='lat' dir='ltr'>de</span> <span class='ocrx_word' id='word_1_26' title='bbox 745 1026 815 1101; x_wconf 92' lang='lat' dir='ltr'>diei</span> <span class='ocrx_word' id='word_1_27' title='bbox 831 1027 1095 1103; x_wconf 74' lang='lat' dir='ltr'>resurrectionis</span> <span class='ocrx_word' id='word_1_28' title='bbox 1111 1030 1295 1108; x_wconf 90' lang='lat' dir='ltr'>duratione</span> <span class='ocrx_word' id='word_1_29' title='bbox 1312 1040 1401 1113; x_wconf 92' lang='lat' dir='ltr'>mul·</span> 
     </span>
     <span class='ocr_line' id='line_1_7' title="bbox 180 1121 1399 1220; baseline 0.007 -21"><span class='ocrx_word' id='word_1_30' title='bbox 180 1142 230 1216; x_wconf 87' lang='lat' dir='ltr'>ta,</span> <span class='ocrx_word' id='word_1_31' title='bbox 270 1148 353 1199; x_wconf 91' lang='lat' dir='ltr'>eam</span> <span class='ocrx_word' id='word_1_32' title='bbox 378 1124 458 1199; x_wconf 88' lang='lat' dir='ltr'>fore</span> <span class='ocrx_word' id='word_1_33' title='bbox 490 1127 632 1220; x_wconf 85' lang='lat' dir='ltr'>longam</span> <span class='ocrx_word' id='word_1_34' title='bbox 663 1121 920 1203; x_wconf 86' lang='lat' dir='ltr'>existimantes:</span> <span class='ocrx_word' id='word_1_35' title='bbox 944 1125 1028 1197; x_wconf 89' lang='lat' dir='ltr'>dum</span> <span class='ocrx_word' id='word_1_36' title='bbox 1049 1124 1152 1215; x_wconf 87' lang='lat' dir='ltr'>alibi,</span> <span class='ocrx_word' id='word_1_37' title='bbox 1172 1127 1399 1207; x_wconf 87' lang='lat' dir='ltr'>Muhamme·</span> 
     </span>
     <span class='ocr_line' id='line_1_8' title="bbox 179 1218 1399 1321; baseline 0.006 -28"><span class='ocrx_word' id='word_1_38' title='bbox 179 1220 231 1295; x_wconf 82' lang='lat' dir='ltr'>dit</span> <span class='ocrx_word' id='word_1_39' title='bbox 250 1240 289 1294; x_wconf 88' lang='lat' dir='ltr'>et</span> <span class='ocrx_word' id='word_1_40' title='bbox 315 1221 485 1296; x_wconf 80' lang='lat' dir='ltr'>Alcorani</span> <span class='ocrx_word' id='word_1_41' title='bbox 509 1220 721 1309; x_wconf 84' lang='lat' dir='ltr'>autoritate,</span> <span class='ocrx_word' id='word_1_42' title='bbox 747 1221 836 1293; x_wconf 79' lang='lat' dir='ltr'>mille</span> <span class='ocrx_word' id='word_1_43' title='bbox 858 1242 971 1295; x_wconf 88' lang='lat' dir='ltr'>annos</span> <span class='ocrx_word' id='word_1_44' title='bbox 995 1218 1029 1292; x_wconf 91' lang='lat' dir='ltr'>ei</span> <span class='ocrx_word' id='word_1_45' title='bbox 1053 1220 1156 1310; x_wconf 85' lang='lat' dir='ltr'>dant,</span> <span class='ocrx_word' id='word_1_46' title='bbox 1198 1222 1281 1297; x_wconf 82' lang='lat' dir='ltr'>alibi</span> <span class='ocrx_word' id='word_1_47' title='bbox 1306 1232 1399 1321; x_wconf 85' lang='lat' dir='ltr'>quin·</span> 
     </span>
     <span class='ocr_line' id='line_1_9' title="bbox 174 1313 1396 1417; baseline 0.007 -27"><span class='ocrx_word' id='word_1_48' title='bbox 174 1321 307 1411; x_wconf 72' lang='lat' dir='ltr'>purgirr</span> <span class='ocrx_word' id='word_1_49' title='bbox 330 1318 439 1401; x_wconf 70' lang='lat' dir='ltr'>mille:</span> <span class='ocrx_word' id='word_1_50' title='bbox 465 1315 589 1414; x_wconf 91' lang='lat' dir='ltr'>quibus</span> <span class='ocrx_word' id='word_1_51' title='bbox 605 1313 832 1390; x_wconf 84' lang='lat' dir='ltr'>conciliandis</span> <span class='ocrx_word' id='word_1_52' title='bbox 847 1317 993 1389; x_wconf 92' lang='lat' dir='ltr'>multum</span> <span class='ocrx_word' id='word_1_53' title='bbox 1016 1315 1216 1411; x_wconf 87' lang='lat' dir='ltr'>inpendunt</span> <span class='ocrx_word' id='word_1_54' title='bbox 1249 1342 1396 1417; x_wconf 86' lang='lat' dir='ltr'><strong>operae.</strong></span> 
     </span>
     <span class='ocr_line' id='line_1_10' title="bbox 213 1410 1396 1513; baseline 0.005 -27"><span class='ocrx_word' id='word_1_55' title='bbox 213 1412 247 1510; x_wconf 61' lang='grc' dir='ltr'>ς.</span> <span class='ocrx_word' id='word_1_56' title='bbox 272 1411 371 1486; x_wconf 82' lang='lat' dir='ltr'>cxl.</span> <span class='ocrx_word' id='word_1_57' title='bbox 406 1411 479 1486; x_wconf 82' lang='lat' dir='ltr'>Etsi</span> <span class='ocrx_word' id='word_1_58' title='bbox 503 1432 642 1504; x_wconf 87' lang='lat' dir='ltr'>praeter</span> <span class='ocrx_word' id='word_1_59' title='bbox 663 1411 827 1485; x_wconf 88' lang='lat' dir='ltr'>homines</span> <span class='ocrx_word' id='word_1_60' title='bbox 852 1410 1106 1485; x_wconf 87' lang='lat' dir='ltr'>resuscitandos</span> <span class='ocrx_word' id='word_1_61' title='bbox 1124 1431 1250 1505; x_wconf 90' lang='lat' dir='ltr'>putent</span> <span class='ocrx_word' id='word_1_62' title='bbox 1266 1415 1396 1513; x_wconf 83' lang='lat' dir='ltr'>genios</span> 
     </span>
     <span class='ocr_line' id='line_1_11' title="bbox 171 1505 1396 1602; baseline 0.003 -20"><span class='ocrx_word' id='word_1_63' title='bbox 171 1527 209 1582; x_wconf 85' lang='lat' dir='ltr'>et</span> <span class='ocrx_word' id='word_1_64' title='bbox 229 1505 427 1583; x_wconf 75' lang='lat' dir='ltr'>animantia</span> <span class='ocrx_word' id='word_1_65' title='bbox 447 1506 600 1601; x_wconf 89' lang='lat' dir='ltr'>cujusvis</span> <span class='ocrx_word' id='word_1_66' title='bbox 626 1508 785 1602; x_wconf 84' lang='lat' dir='ltr'>generis,</span> <span class='ocrx_word' id='word_1_67' title='bbox 812 1508 858 1580; x_wconf 91' lang='lat' dir='ltr'>de</span> <span class='ocrx_word' id='word_1_68' title='bbox 881 1507 1081 1580; x_wconf 88' lang='lat' dir='ltr'>hominibus</span> <span class='ocrx_word' id='word_1_69' title='bbox 1106 1527 1309 1585; x_wconf 87' lang='lat' dir='ltr'>commenta</span> <span class='ocrx_word' id='word_1_70' title='bbox 1332 1535 1396 1586; x_wconf 91' lang='lat' dir='ltr'>eo·</span> 
     </span>
     <span class='ocr_line' id='line_1_12' title="bbox 171 1600 1394 1701; baseline 0.004 -24"><span class='ocrx_word' id='word_1_71' title='bbox 171 1626 248 1677; x_wconf 86' lang='lat' dir='ltr'>tom</span> <span class='ocrx_word' id='word_1_72' title='bbox 274 1604 460 1701; x_wconf 83' lang='lat' dir='ltr'>protulilie</span> <span class='ocrx_word' id='word_1_73' title='bbox 485 1600 677 1676; x_wconf 81' lang='lat' dir='ltr'>suffecerit.</span> <span class='ocrx_word' id='word_1_74' title='bbox 724 1601 861 1676; x_wconf 85' lang='lat' dir='ltr'>Eodem</span> <span class='ocrx_word' id='word_1_75' title='bbox 884 1600 972 1674; x_wconf 77' lang='lat' dir='ltr'>statu</span> <span class='ocrx_word' id='word_1_76' title='bbox 994 1600 1148 1696; x_wconf 88' lang='lat' dir='ltr'>corporis</span> <span class='ocrx_word' id='word_1_77' title='bbox 1162 1601 1242 1677; x_wconf 89' lang='lat' dir='ltr'>alibi</span> <span class='ocrx_word' id='word_1_78' title='bbox 1259 1603 1394 1682; x_wconf 87' lang='lat' dir='ltr'>dicitur</span> 
     </span>
     <span class='ocr_line' id='line_1_13' title="bbox 173 1695 1394 1793; baseline 0.003 -20"><span class='ocrx_word' id='word_1_79' title='bbox 173 1722 233 1773; x_wconf 84' lang='lat' dir='ltr'>eor</span> <span class='ocrx_word' id='word_1_80' title='bbox 252 1698 531 1786; x_wconf 64' lang='lat' dir='ltr'>resurrecturos,</span> <span class='ocrx_word' id='word_1_81' title='bbox 564 1720 636 1793; x_wconf 86' lang='lat' dir='ltr'>quo</span> <span class='ocrx_word' id='word_1_82' title='bbox 660 1718 705 1769; x_wconf 86' lang='lat' dir='ltr'>ex</span> <span class='ocrx_word' id='word_1_83' title='bbox 728 1717 832 1771; x_wconf 92' lang='lat' dir='ltr'>utero</span> <span class='ocrx_word' id='word_1_84' title='bbox 859 1714 1020 1771; x_wconf 87' lang='lat' dir='ltr'>materno</span> <span class='ocrx_word' id='word_1_85' title='bbox 1042 1695 1081 1767; x_wconf 91' lang='lat' dir='ltr'>in</span> <span class='ocrx_word' id='word_1_86' title='bbox 1106 1695 1201 1771; x_wconf 87' lang='lat' dir='ltr'>bunc</span> <span class='ocrx_word' id='word_1_87' title='bbox 1222 1701 1394 1778; x_wconf 91' lang='lat' dir='ltr'>mundum</span> 
     </span>
     <span class='ocr_line' id='line_1_14' title="bbox 175 1789 1396 1892; baseline 0.003 -25"><span class='ocrx_word' id='word_1_88' title='bbox 175 1791 399 1892; x_wconf 87' lang='lat' dir='ltr'>prodierunt,</span> <span class='ocrx_word' id='word_1_89' title='bbox 423 1797 580 1888; x_wconf 86' lang='lat' dir='ltr'>adeoque</span> <span class='ocrx_word' id='word_1_90' title='bbox 604 1794 841 1887; x_wconf 86' lang='lat' dir='ltr'>praeputiatos</span> <span class='ocrx_word' id='word_1_91' title='bbox 864 1813 901 1866; x_wconf 91' lang='lat' dir='ltr'>et</span> <span class='ocrx_word' id='word_1_92' title='bbox 927 1790 1057 1879; x_wconf 84' lang='lat' dir='ltr'>nudos,</span> <span class='ocrx_word' id='word_1_93' title='bbox 1083 1789 1166 1866; x_wconf 83' lang='lat' dir='ltr'>alibi</span> <span class='ocrx_word' id='word_1_94' title='bbox 1191 1816 1302 1884; x_wconf 87' lang='lat' dir='ltr'>vero,</span> <span class='ocrx_word' id='word_1_95' title='bbox 1333 1794 1396 1871; x_wconf 89' lang='lat' dir='ltr'>iis·</span> 
     </span>
     <span class='ocr_line' id='line_1_15' title="bbox 171 1887 1394 1987; baseline 0.002 -22"><span class='ocrx_word' id='word_1_96' title='bbox 171 1893 269 1980; x_wconf 87' lang='lat' dir='ltr'>dem,</span> <span class='ocrx_word' id='word_1_97' title='bbox 293 1890 424 1987; x_wconf 84' lang='lat' dir='ltr'>quibos</span> <span class='ocrx_word' id='word_1_98' title='bbox 448 1888 573 1962; x_wconf 88' lang='lat' dir='ltr'>mortui</span> <span class='ocrx_word' id='word_1_99' title='bbox 597 1891 693 1976; x_wconf 85' lang='lat' dir='ltr'>lunt,</span> <span class='ocrx_word' id='word_1_100' title='bbox 718 1887 889 1963; x_wconf 90' lang='lat' dir='ltr'>vestibus:</span> <span class='ocrx_word' id='word_1_101' title='bbox 924 1887 1017 1983; x_wconf 90' lang='lat' dir='ltr'>quod</span> <span class='ocrx_word' id='word_1_102' title='bbox 1042 1904 1081 1961; x_wconf 93' lang='lat' dir='ltr'>ut</span> <span class='ocrx_word' id='word_1_103' title='bbox 1106 1908 1187 1960; x_wconf 91' lang='lat' dir='ltr'>cum</span> <span class='ocrx_word' id='word_1_104' title='bbox 1211 1887 1394 1986; x_wconf 85' lang='lat' dir='ltr'>superiore</span> 
     </span>
     <span class='ocr_line' id='line_1_16' title="bbox 170 1981 1388 2080; baseline -0.001 -19"><span class='ocrx_word' id='word_1_105' title='bbox 170 1986 386 2076; x_wconf 80' lang='lat' dir='ltr'>concilient,</span> <span class='ocrx_word' id='word_1_106' title='bbox 409 1985 455 2058; x_wconf 91' lang='lat' dir='ltr'>de</span> <span class='ocrx_word' id='word_1_107' title='bbox 477 1985 614 2059; x_wconf 88' lang='lat' dir='ltr'>animae</span> <span class='ocrx_word' id='word_1_108' title='bbox 637 1981 778 2058; x_wconf 86' lang='lat' dir='ltr'>dotibus</span> <span class='ocrx_word' id='word_1_109' title='bbox 804 2005 842 2058; x_wconf 90' lang='lat' dir='ltr'>er</span> <span class='ocrx_word' id='word_1_110' title='bbox 863 1984 1028 2080; x_wconf 79' lang='lat' dir='ltr'>operibus</span> <span class='ocrx_word' id='word_1_111' title='bbox 1051 1981 1207 2076; x_wconf 92' lang='lat' dir='ltr'>capiunt.</span> <span class='ocrx_word' id='word_1_112' title='bbox 1258 1984 1318 2059; x_wconf 86' lang='lat' dir='ltr'>Ad</span> <span class='ocrx_word' id='word_1_113' title='bbox 1335 1987 1388 2060; x_wconf 90' lang='lat' dir='ltr'>lo·</span> 
     </span>
     <span class='ocr_line' id='line_1_17' title="bbox 168 2074 1390 2177; baseline 0.001 -21"><span class='ocrx_word' id='word_1_114' title='bbox 168 2105 249 2156; x_wconf 87' lang='lat' dir='ltr'>cum</span> <span class='ocrx_word' id='word_1_115' title='bbox 272 2102 395 2155; x_wconf 81' lang='lat' dir='ltr'>autem</span> <span class='ocrx_word' id='word_1_116' title='bbox 419 2079 546 2177; x_wconf 87' lang='lat' dir='ltr'>judicii</span> <span class='ocrx_word' id='word_1_117' title='bbox 571 2074 683 2152; x_wconf 89' lang='lat' dir='ltr'>ultimi</span> <span class='ocrx_word' id='word_1_118' title='bbox 707 2080 852 2167; x_wconf 89' lang='lat' dir='ltr'>venient</span> <span class='ocrx_word' id='word_1_119' title='bbox 874 2077 909 2154; x_wconf 94' lang='lat' dir='ltr'>in</span> <span class='ocrx_word' id='word_1_120' title='bbox 942 2097 1013 2152; x_wconf 86' lang='lat' dir='ltr'>tres</span> <span class='ocrx_word' id='word_1_121' title='bbox 1037 2077 1174 2176; x_wconf 83' lang='lat' dir='ltr'>species</span> <span class='ocrx_word' id='word_1_122' title='bbox 1210 2077 1390 2177; x_wconf 68' lang='lat' dir='ltr'>distincti,</span> 
     </span>
     <span class='ocr_line' id='line_1_18' title="bbox 168 2169 1393 2274; baseline 0.002 -21"><span class='ocrx_word' id='word_1_123' title='bbox 168 2178 225 2253; x_wconf 76' lang='lat' dir='ltr'>alii</span> <span class='ocrx_word' id='word_1_124' title='bbox 248 2175 344 2251; x_wconf 91' lang='lat' dir='ltr'>enim</span> <span class='ocrx_word' id='word_1_125' title='bbox 371 2177 519 2274; x_wconf 83' lang='lat' dir='ltr'>pedibus</span> <span class='ocrx_word' id='word_1_126' title='bbox 540 2194 681 2263; x_wconf 87' lang='lat' dir='ltr'>euntes,</span> <span class='ocrx_word' id='word_1_127' title='bbox 706 2175 764 2251; x_wconf 88' lang='lat' dir='ltr'>alii</span> <span class='ocrx_word' id='word_1_128' title='bbox 790 2175 892 2273; x_wconf 90' lang='lat' dir='ltr'>super</span> <span class='ocrx_word' id='word_1_129' title='bbox 919 2169 1057 2248; x_wconf 84' lang='lat' dir='ltr'>camelis</span> <span class='ocrx_word' id='word_1_130' title='bbox 1080 2172 1299 2270; x_wconf 86' lang='lat' dir='ltr'>equitantes,</span> <span class='ocrx_word' id='word_1_131' title='bbox 1333 2179 1393 2256; x_wconf 85' lang='lat' dir='ltr'>alii</span> 
     </span>
     <span class='ocr_line' id='line_1_19' title="bbox 168 2267 1389 2369; baseline 0.003 -22"><span class='ocrx_word' id='word_1_132' title='bbox 168 2272 326 2347; x_wconf 82' lang='lat' dir='ltr'>faciebus</span> <span class='ocrx_word' id='word_1_133' title='bbox 350 2293 465 2347; x_wconf 87' lang='lat' dir='ltr'>terrae</span> <span class='ocrx_word' id='word_1_134' title='bbox 490 2268 611 2346; x_wconf 82' lang='lat' dir='ltr'>adfinis</span> <span class='ocrx_word' id='word_1_135' title='bbox 634 2267 812 2346; x_wconf 89' lang='lat' dir='ltr'>incedent.</span> <span class='ocrx_word' id='word_1_136' title='bbox 859 2267 965 2343; x_wconf 89' lang='lat' dir='ltr'>Primi</span> <span class='ocrx_word' id='word_1_137' title='bbox 989 2270 1089 2358; x_wconf 87' lang='lat' dir='ltr'>sunt,</span> <span class='ocrx_word' id='word_1_138' title='bbox 1113 2291 1262 2366; x_wconf 93' lang='lat' dir='ltr'>quorum</span> <span class='ocrx_word' id='word_1_139' title='bbox 1279 2296 1389 2369; x_wconf 87' lang='lat' dir='ltr'>pauca</span> 
     </span>
     <span class='ocr_line' id='line_1_20' title="bbox 166 2364 1389 2463; baseline 0.001 -18"><span class='ocrx_word' id='word_1_140' title='bbox 166 2370 247 2445; x_wconf 82' lang='lat' dir='ltr'>funt</span> <span class='ocrx_word' id='word_1_141' title='bbox 271 2391 385 2463; x_wconf 89' lang='lat' dir='ltr'>opera</span> <span class='ocrx_word' id='word_1_142' title='bbox 411 2372 521 2455; x_wconf 83' lang='lat' dir='ltr'>bona3</span> <span class='ocrx_word' id='word_1_143' title='bbox 548 2364 706 2454; x_wconf 88' lang='lat' dir='ltr'>secundi,</span> <span class='ocrx_word' id='word_1_144' title='bbox 735 2368 794 2462; x_wconf 91' lang='lat' dir='ltr'>qui</span> <span class='ocrx_word' id='word_1_145' title='bbox 815 2366 966 2440; x_wconf 86' lang='lat' dir='ltr'>maxima</span> <span class='ocrx_word' id='word_1_146' title='bbox 992 2365 1145 2459; x_wconf 83' lang='lat' dir='ltr'>gaudent</span> <span class='ocrx_word' id='word_1_147' title='bbox 1161 2366 1254 2461; x_wconf 93' lang='lat' dir='ltr'>apud</span> <span class='ocrx_word' id='word_1_148' title='bbox 1269 2370 1389 2447; x_wconf 88' lang='lat' dir='ltr'>Deum</span> 
     </span>
     <span class='ocr_line' id='line_1_21' title="bbox 168 2458 1386 2564; baseline 0.003 -29"><span class='ocrx_word' id='word_1_149' title='bbox 168 2465 306 2561; x_wconf 82' lang='lat' dir='ltr'>gratia3</span> <span class='ocrx_word' id='word_1_150' title='bbox 347 2465 446 2559; x_wconf 88' lang='lat' dir='ltr'>cujus</span> <span class='ocrx_word' id='word_1_151' title='bbox 472 2459 646 2556; x_wconf 90' lang='lat' dir='ltr'>opinionis</span> <span class='ocrx_word' id='word_1_152' title='bbox 672 2459 820 2559; x_wconf 87' lang='lat' dir='ltr'>vestigia</span> <span class='ocrx_word' id='word_1_153' title='bbox 845 2461 952 2535; x_wconf 89' lang='lat' dir='ltr'>etiam</span> <span class='ocrx_word' id='word_1_154' title='bbox 985 2458 1085 2564; x_wconf 38' lang='lat' dir='ltr'>apud·</span> <span class='ocrx_word' id='word_1_155' title='bbox 1108 2459 1241 2534; x_wconf 85' lang='lat' dir='ltr'>Arabes</span> <span class='ocrx_word' id='word_1_156' title='bbox 1269 2463 1307 2536; x_wconf 92' lang='lat' dir='ltr'>in</span> <span class='ocrx_word' id='word_1_157' title='bbox 1339 2489 1386 2540; x_wconf 92' lang='lat' dir='ltr'>eo</span> 
     </span>
     <span class='ocr_line' id='line_1_22' title="bbox 165 2553 1384 2724; baseline 0 -90"><span class='ocrx_word' id='word_1_158' title='bbox 165 2559 369 2647; x_wconf 80' lang='lat' dir='ltr'>exstabant,</span> <span class='ocrx_word' id='word_1_159' title='bbox 396 2561 486 2654; x_wconf 89' lang='lat' dir='ltr'>quod</span> <span class='ocrx_word' id='word_1_160' title='bbox 503 2559 544 2631; x_wconf 89' lang='lat' dir='ltr'>ad</span> <span class='ocrx_word' id='word_1_161' title='bbox 564 2555 717 2724; x_wconf 50' lang='lat' dir='ltr'>sepulcra</span> <span class='ocrx_word' id='word_1_162' title='bbox 733 2559 904 2647; x_wconf 88' lang='lat' dir='ltr'>camelos,</span> <span class='ocrx_word' id='word_1_163' title='bbox 930 2553 981 2629; x_wconf 92' lang='lat' dir='ltr'>ibi</span> <span class='ocrx_word' id='word_1_164' title='bbox 996 2572 1205 2645; x_wconf 81' lang='lat' dir='ltr'>morituros,</span> <span class='ocrx_word' id='word_1_165' title='bbox 1233 2557 1384 2655; x_wconf 86' lang='lat' dir='ltr'>adligari</span> 
     </span>
     <span class='ocr_line' id='line_1_23' title="bbox 162 2650 1382 2749; baseline -0.001 -19"><span class='ocrx_word' id='word_1_166' title='bbox 162 2652 393 2742; x_wconf 83' lang='lat' dir='ltr'>curaverint,</span> <span class='ocrx_word' id='word_1_167' title='bbox 429 2677 472 2727; x_wconf 92' lang='lat' dir='ltr'>ne</span> <span class='ocrx_word' id='word_1_168' title='bbox 493 2651 530 2726; x_wconf 91' lang='lat' dir='ltr'>in</span> <span class='ocrx_word' id='word_1_169' title='bbox 552 2675 589 2724; x_wconf 93' lang='lat' dir='ltr'>re</span> <span class='ocrx_word' id='word_1_170' title='bbox 607 2651 803 2727; x_wconf 76' lang='lat' dir='ltr'>urreuione</span> <span class='ocrx_word' id='word_1_171' title='bbox 824 2653 973 2749; x_wconf 90' lang='lat' dir='ltr'>pedibus</span> <span class='ocrx_word' id='word_1_172' title='bbox 995 2669 1208 2744; x_wconf 85' lang='lat' dir='ltr'>cogerentur</span> <span class='ocrx_word' id='word_1_173' title='bbox 1233 2650 1382 2730; x_wconf 91' lang='lat' dir='ltr'>incede·</span> 
     </span>
     <span class='ocr_line' id='line_1_24' title="bbox 162 2745 1385 2844; baseline 0.002 -20"><span class='ocrx_word' id='word_1_174' title='bbox 162 2776 208 2826; x_wconf 89' lang='lat' dir='ltr'>re.</span> <span class='ocrx_word' id='word_1_175' title='bbox 264 2750 357 2825; x_wconf 92' lang='lat' dir='ltr'>Vid.</span> <span class='ocrx_word' id='word_1_176' title='bbox 383 2747 533 2822; x_wconf 87' lang='lat' dir='ltr'>Pocock.</span> <span class='ocrx_word' id='word_1_177' title='bbox 552 2750 702 2844; x_wconf 89' lang='lat' dir='ltr'>Specim.</span> <span class='ocrx_word' id='word_1_178' title='bbox 728 2745 807 2823; x_wconf 86' lang='lat' dir='ltr'>nist.</span> <span class='ocrx_word' id='word_1_179' title='bbox 825 2750 930 2822; x_wconf 90' lang='lat' dir='ltr'>Arab.</span> <span class='ocrx_word' id='word_1_180' title='bbox 953 2772 988 2843; x_wconf 91' lang='lat' dir='ltr'>p.</span> <span class='ocrx_word' id='word_1_181' title='bbox 1012 2766 1092 2838; x_wconf 84' lang='lat'>134.</span> <span class='ocrx_word' id='word_1_182' title='bbox 1145 2747 1264 2820; x_wconf 89' lang='lat' dir='ltr'>Tertii</span> <span class='ocrx_word' id='word_1_183' title='bbox 1283 2771 1385 2826; x_wconf 90' lang='lat' dir='ltr'>erunt</span> 
     </span>
     <span class='ocr_line' id='line_1_25' title="bbox 163 2840 1382 2939; baseline 0 -18"><span class='ocrx_word' id='word_1_184' title='bbox 163 2846 347 2933; x_wconf 85' lang='lat' dir='ltr'>infideles,</span> <span class='ocrx_word' id='word_1_185' title='bbox 375 2866 522 2939; x_wconf 89' lang='lat' dir='ltr'>quorum</span> <span class='ocrx_word' id='word_1_186' title='bbox 545 2843 669 2915; x_wconf 87' lang='lat' dir='ltr'>decem</span> <span class='ocrx_word' id='word_1_187' title='bbox 694 2861 799 2916; x_wconf 91' lang='lat' dir='ltr'>erunt</span> <span class='ocrx_word' id='word_1_188' title='bbox 823 2864 972 2937; x_wconf 85' lang='lat' dir='ltr'>genera,</span> <span class='ocrx_word' id='word_1_189' title='bbox 997 2861 1084 2936; x_wconf 87' lang='lat' dir='ltr'>quae</span> <span class='ocrx_word' id='word_1_190' title='bbox 1111 2840 1223 2913; x_wconf 89' lang='lat' dir='ltr'>varias</span> <span class='ocrx_word' id='word_1_191' title='bbox 1247 2863 1382 2922; x_wconf 80' lang='lat' dir='ltr'>mutata</span> 
     </span>
     <span class='ocr_line' id='line_1_26' title="bbox 162 2936 1383 3032; baseline -0.013 -15"><span class='ocrx_word' id='word_1_192' title='bbox 162 2943 197 3017; x_wconf 91' lang='lat' dir='ltr'>in</span> <span class='ocrx_word' id='word_1_193' title='bbox 214 2942 353 3015; x_wconf 85' lang='lat' dir='ltr'>lormas</span> <span class='ocrx_word' id='word_1_194' title='bbox 367 2938 552 3026; x_wconf 92' lang='lat' dir='ltr'>incedent,</span> <span class='ocrx_word' id='word_1_195' title='bbox 570 2957 609 3010; x_wconf 91' lang='lat' dir='ltr'>ut</span> <span class='ocrx_word' id='word_1_196' title='bbox 624 2936 825 3026; x_wconf 88' lang='lat' dir='ltr'>hircorum,</span> <span class='ocrx_word' id='word_1_197' title='bbox 849 2958 1057 3032; x_wconf 89' lang='lat' dir='ltr'>porcorum,</span> <span class='ocrx_word' id='word_1_198' title='bbox 1075 2955 1284 3027; x_wconf 89' lang='lat' dir='ltr'>coecorum,</span> <span class='ocrx_word' id='word_1_199' title='bbox 1310 2962 1383 3016; x_wconf 76' lang='lat' dir='ltr'>ma.</span> 
     </span>
     <span class='ocr_line' id='line_1_27' title="bbox 160 3031 1382 3132; baseline 0 -19"><span class='ocrx_word' id='word_1_200' title='bbox 160 3061 221 3113; x_wconf 86' lang='lat' dir='ltr'>nus</span> <span class='ocrx_word' id='word_1_201' title='bbox 236 3057 277 3110; x_wconf 91' lang='lat' dir='ltr'>et</span> <span class='ocrx_word' id='word_1_202' title='bbox 295 3037 407 3132; x_wconf 84' lang='lat' dir='ltr'>pedes</span> <span class='ocrx_word' id='word_1_203' title='bbox 423 3054 678 3120; x_wconf 88' lang='lat' dir='ltr'>truncatorum,</span> <span class='ocrx_word' id='word_1_204' title='bbox 703 3032 835 3130; x_wconf 84' lang='lat' dir='ltr'>linguas</span> <span class='ocrx_word' id='word_1_205' title='bbox 858 3031 1057 3106; x_wconf 88' lang='lat' dir='ltr'>rodentium</span> <span class='ocrx_word' id='word_1_206' title='bbox 1086 3049 1177 3122; x_wconf 76' lang='lat' dir='ltr'>etc,</span> <span class='ocrx_word' id='word_1_207' title='bbox 1194 3032 1251 3129; x_wconf 90' lang='lat' dir='ltr'>qui</span> <span class='ocrx_word' id='word_1_208' title='bbox 1266 3035 1382 3132; x_wconf 74' lang='lat' dir='ltr'>gertus</span> 
     </span>
     <span class='ocr_line' id='line_1_28' title="bbox 159 3127 1381 3230; baseline -0.001 -20"><span class='ocrx_word' id='word_1_209' title='bbox 159 3133 379 3230; x_wconf 72' lang='lat' dir='ltr'>ungulorum</span> <span class='ocrx_word' id='word_1_210' title='bbox 403 3131 558 3226; x_wconf 89' lang='lat' dir='ltr'>peccatis</span> <span class='ocrx_word' id='word_1_211' title='bbox 581 3127 827 3223; x_wconf 75' lang='lat' dir='ltr'>respondent,</span> <span class='ocrx_word' id='word_1_212' title='bbox 859 3128 980 3225; x_wconf 89' lang='lat' dir='ltr'>utqui</span> <span class='ocrx_word' id='word_1_213' title='bbox 1015 3150 1072 3200; x_wconf 87' lang='lat' dir='ltr'>ex.</span> <span class='ocrx_word' id='word_1_214' title='bbox 1106 3149 1179 3224; x_wconf 74' lang='lat' dir='ltr'>gn,</span> <span class='ocrx_word' id='word_1_215' title='bbox 1212 3130 1312 3204; x_wconf 91' lang='lat' dir='ltr'>lucro</span> <span class='ocrx_word' id='word_1_216' title='bbox 1340 3155 1381 3210; x_wconf 91' lang='lat' dir='ltr'>et</span> 
     </span>
     <span class='ocr_line' id='line_1_29' title="bbox 159 3220 1385 3327; baseline -0.01 -23"><span class='ocrx_word' id='word_1_217' title='bbox 159 3229 418 3327; x_wconf 89' lang='lat' dir='ltr'>cupiditatibus</span> <span class='ocrx_word' id='word_1_218' title='bbox 440 3225 580 3300; x_wconf 89' lang='lat' dir='ltr'>fuerunt</span> <span class='ocrx_word' id='word_1_219' title='bbox 606 3222 737 3316; x_wconf 92' lang='lat' dir='ltr'>dediti,</span> <span class='ocrx_word' id='word_1_220' title='bbox 801 3244 962 3298; x_wconf 88' lang='lat' dir='ltr'>orcorum</span> <span class='ocrx_word' id='word_1_221' title='bbox 987 3220 1093 3296; x_wconf 91' lang='lat' dir='ltr'>modo</span> <span class='ocrx_word' id='word_1_222' title='bbox 1127 3240 1165 3295; x_wconf 89' lang='lat' dir='ltr'>et</span> <span class='ocrx_word' id='word_1_223' title='bbox 1183 3223 1301 3321; x_wconf 88' lang='lat' dir='ltr'>specie</span> <span class='ocrx_word' id='word_1_224' title='bbox 1330 3229 1385 3308; x_wconf 80' lang='lat' dir='ltr'>in.</span> 
     </span>
     <span class='ocr_line' id='line_1_30' title="bbox 159 3248 1380 3418; baseline 0 -18"><span class='ocrx_word' id='word_1_225' title='bbox 159 3330 303 3400; x_wconf 81' lang='lat' dir='ltr'>cedant.</span> <span class='ocrx_word' id='word_1_226' title='bbox 353 3321 492 3396; x_wconf 91' lang='lat' dir='ltr'>Eruditi</span> <span class='ocrx_word' id='word_1_227' title='bbox 517 3341 625 3407; x_wconf 89' lang='lat' dir='ltr'>vero,</span> <span class='ocrx_word' id='word_1_228' title='bbox 650 3339 687 3392; x_wconf 92' lang='lat' dir='ltr'>et</span> <span class='ocrx_word' id='word_1_229' title='bbox 713 3248 892 3408; x_wconf 49' lang='lat' dir='ltr'>mines,</span> <span class='ocrx_word' id='word_1_230' title='bbox 926 3337 965 3392; x_wconf 91' lang='lat' dir='ltr'>ut</span> <span class='ocrx_word' id='word_1_231' title='bbox 991 3317 1073 3391; x_wconf 87' lang='lat' dir='ltr'>illud</span> <span class='ocrx_word' id='word_1_232' title='bbox 1100 3339 1207 3392; x_wconf 90' lang='lat' dir='ltr'>unum</span> <span class='ocrx_word' id='word_1_233' title='bbox 1233 3322 1380 3418; x_wconf 85' lang='lat' dir='ltr'>addam,</span> 
     </span>
     <span class='ocr_line' id='line_1_31' title="bbox 160 3412 1383 3532; baseline -0.009 -36"><span class='ocrx_word' id='word_1_234' title='bbox 160 3444 311 3532; x_wconf 74' lang='lat' dir='ltr'>quorum</span> <span class='ocrx_word' id='word_1_235' title='bbox 336 3416 439 3491; x_wconf 74' lang='lat' dir='ltr'>dietis</span> <span class='ocrx_word' id='word_1_236' title='bbox 468 3415 558 3490; x_wconf 75' lang='lat' dir='ltr'>facia</span> <span class='ocrx_word' id='word_1_237' title='bbox 581 3414 722 3488; x_wconf 88' lang='lat' dir='ltr'>fuerunt</span> <span class='ocrx_word' id='word_1_238' title='bbox 747 3414 942 3504; x_wconf 89' lang='lat' dir='ltr'>contraria,</span> <span class='ocrx_word' id='word_1_239' title='bbox 967 3412 1268 3510; x_wconf 83' lang='lat' dir='ltr'>linguasrodent,</span> <span class='ocrx_word' id='word_1_240' title='bbox 1294 3443 1383 3516; x_wconf 75' lang='lat' dir='ltr'>quae</span> 
     </span>
     <span class='ocr_line' id='line_1_32' title="bbox 165 3506 1383 3623; baseline 0.002 -33"><span class='ocrx_word' id='word_1_241' title='bbox 165 3540 203 3595; x_wconf 78' lang='lat' dir='ltr'>nn</span> <span class='ocrx_word' id='word_1_242' title='bbox 226 3515 377 3613; x_wconf 70' lang='lat' dir='ltr'>peElora</span> <span class='ocrx_word' id='word_1_243' title='bbox 400 3511 505 3623; x_wconf 85' lang='lat' dir='ltr'>usque</span> <span class='ocrx_word' id='word_1_244' title='bbox 528 3509 802 3606; x_wconf 79' lang='lat' dir='ltr'>prominebant,</span> <span class='ocrx_word' id='word_1_245' title='bbox 827 3510 961 3586; x_wconf 88' lang='lat' dir='ltr'>fluente</span> <span class='ocrx_word' id='word_1_246' title='bbox 991 3532 1037 3583; x_wconf 84' lang='lat' dir='ltr'>ex</span> <span class='ocrx_word' id='word_1_247' title='bbox 1062 3530 1123 3580; x_wconf 89' lang='lat' dir='ltr'>ore</span> <span class='ocrx_word' id='word_1_248' title='bbox 1142 3506 1303 3606; x_wconf 74' lang='lat' dir='ltr'>‚ipsorum</span> <span class='ocrx_word' id='word_1_249' title='bbox 1333 3516 1383 3594; x_wconf 88' lang='lat' dir='ltr'>sa·</span> 
     </span>
     <span class='ocr_line' id='line_1_33' title="bbox 160 3603 1387 3709; baseline 0 -20"><span class='ocrx_word' id='word_1_250' title='bbox 160 3612 241 3702; x_wconf 87' lang='lat' dir='ltr'>nie,</span> <span class='ocrx_word' id='word_1_251' title='bbox 262 3606 374 3686; x_wconf 86' lang='lat' dir='ltr'>instar</span> <span class='ocrx_word' id='word_1_252' title='bbox 398 3607 533 3683; x_wconf 82' lang='lat' dir='ltr'>salivae.</span> <span class='ocrx_word' id='word_1_253' title='bbox 583 3608 641 3680; x_wconf 90' lang='lat' dir='ltr'>De</span> <span class='ocrx_word' id='word_1_254' title='bbox 666 3607 730 3679; x_wconf 89' lang='lat' dir='ltr'>loco</span> <span class='ocrx_word' id='word_1_255' title='bbox 756 3606 816 3680; x_wconf 93' lang='lat' dir='ltr'>ubi</span> <span class='ocrx_word' id='word_1_256' title='bbox 842 3606 884 3679; x_wconf 92' lang='lat' dir='ltr'>ad</span> <span class='ocrx_word' id='word_1_257' title='bbox 907 3604 1083 3703; x_wconf 86' lang='lat' dir='ltr'>judicium</span> <span class='ocrx_word' id='word_1_258' title='bbox 1099 3603 1180 3681; x_wconf 89' lang='lat' dir='ltr'>sunt</span> <span class='ocrx_word' id='word_1_259' title='bbox 1207 3612 1387 3709; x_wconf 83' lang='lat' dir='ltr'>vocandi,</span> 
     </span>
     <span class='ocr_line' id='line_1_34' title="bbox 158 3698 1386 3799; baseline -0.001 -13"><span class='ocrx_word' id='word_1_260' title='bbox 158 3709 255 3787; x_wconf 88' lang='lat' dir='ltr'>nibil</span> <span class='ocrx_word' id='word_1_261' title='bbox 275 3709 415 3782; x_wconf 86' lang='lat' dir='ltr'>babent</span> <span class='ocrx_word' id='word_1_262' title='bbox 439 3702 549 3791; x_wconf 89' lang='lat' dir='ltr'>certi,</span> <span class='ocrx_word' id='word_1_263' title='bbox 580 3701 645 3777; x_wconf 81' lang='lat' dir='ltr'>atii·</span> <span class='ocrx_word' id='word_1_264' title='bbox 663 3703 787 3775; x_wconf 91' lang='lat' dir='ltr'>volunt</span> <span class='ocrx_word' id='word_1_265' title='bbox 812 3701 946 3799; x_wconf 84' lang='lat' dir='ltr'>Syriam</span> <span class='ocrx_word' id='word_1_266' title='bbox 976 3700 1067 3791; x_wconf 85' lang='lat' dir='ltr'>elle,</span> <span class='ocrx_word' id='word_1_267' title='bbox 1090 3698 1148 3774; x_wconf 93' lang='lat' dir='ltr'>alii</span> <span class='ocrx_word' id='word_1_268' title='bbox 1171 3720 1288 3778; x_wconf 87' lang='lat' dir='ltr'>aurem</span> <span class='ocrx_word' id='word_1_269' title='bbox 1312 3725 1386 3785; x_wconf 61' lang='lat' dir='ltr'>tea</span> 
     </span>
     <span class='ocr_line' id='line_1_35' title="bbox 156 3794 1384 3909; baseline 0.001 -32"><span class='ocrx_word' id='word_1_270' title='bbox 156 3827 281 3885; x_wconf 83' lang='lat' dir='ltr'>rama</span> <span class='ocrx_word' id='word_1_271' title='bbox 306 3799 423 3875; x_wconf 90' lang='lat' dir='ltr'>nostra</span> <span class='ocrx_word' id='word_1_272' title='bbox 447 3800 614 3887; x_wconf 83' lang='lat' dir='ltr'>alienam3</span> <span class='ocrx_word' id='word_1_273' title='bbox 638 3797 719 3893; x_wconf 88' lang='lat' dir='ltr'>quia</span> <span class='ocrx_word' id='word_1_274' title='bbox 745 3795 839 3870; x_wconf 83' lang='lat' dir='ltr'>sorte</span> <span class='ocrx_word' id='word_1_275' title='bbox 864 3797 994 3909; x_wconf 79' lang='lat' dir='ltr'>script.</span> <span class='ocrx_word' id='word_1_276' title='bbox 1019 3794 1055 3872; x_wconf 83' lang='grc'>8.</span> <span class='ocrx_word' id='word_1_277' title='bbox 1077 3820 1177 3871; x_wconf 77' lang='lat' dir='ltr'>novur</span> <span class='ocrx_word' id='word_1_278' title='bbox 1200 3814 1308 3876; x_wconf 81' lang='lat' dir='ltr'>terrae</span> <span class='ocrx_word' id='word_1_279' title='bbox 1331 3805 1384 3878; x_wconf 76' lang='lat' dir='ltr'>le&#39;·</span> 
     </span>
     <span class='ocr_line' id='line_1_36' title="bbox 153 3890 1386 3994; baseline -0.007 -15"><span class='ocrx_word' id='word_1_280' title='bbox 153 3903 205 3980; x_wconf 93' lang='lat' dir='ltr'>cit</span> <span class='ocrx_word' id='word_1_281' title='bbox 222 3898 462 3977; x_wconf 87' lang='lat' dir='ltr'>mentionem.</span> <span class='ocrx_word' id='word_1_282' title='bbox 511 3894 649 3994; x_wconf 83' lang='lat' dir='ltr'>Quare,</span> <span class='ocrx_word' id='word_1_283' title='bbox 673 3916 719 3966; x_wconf 90' lang='lat' dir='ltr'>eo</span> <span class='ocrx_word' id='word_1_284' title='bbox 733 3890 856 3985; x_wconf 79' lang='lat' dir='ltr'>milio,</span> <span class='ocrx_word' id='word_1_285' title='bbox 880 3893 925 3967; x_wconf 88' lang='lat' dir='ltr'>de</span> <span class='ocrx_word' id='word_1_286' title='bbox 948 3895 1024 3991; x_wconf 89' lang='lat' dir='ltr'>rpso</span> <span class='ocrx_word' id='word_1_287' title='bbox 1047 3892 1211 3990; x_wconf 87' lang='lat' dir='ltr'>Judicio,</span> <span class='ocrx_word' id='word_1_288' title='bbox 1236 3915 1276 3970; x_wconf 88' lang='lat' dir='ltr'>et</span> <span class='ocrx_word' id='word_1_289' title='bbox 1298 3898 1386 3984; x_wconf 50' lang='lat' dir='ltr'>dno}</span> 
     </span>
     <span class='ocr_line' id='line_1_37' title="bbox 156 3988 1206 4099; baseline -0.013 -21"><span class='ocrx_word' id='word_1_290' title='bbox 156 4004 224 4078; x_wconf 84' lang='lat' dir='ltr'>bus</span> <span class='ocrx_word' id='word_1_291' title='bbox 253 3991 450 4081; x_wconf 85' lang='lat' dir='ltr'>extremis,</span> <span class='ocrx_word' id='word_1_292' title='bbox 477 4012 599 4065; x_wconf 88' lang='lat' dir='ltr'>eorum</span> <span class='ocrx_word' id='word_1_293' title='bbox 625 3988 815 4083; x_wconf 89' lang='lat' dir='ltr'>opiniones</span> <span class='ocrx_word' id='word_1_294' title='bbox 840 3990 981 4067; x_wconf 89' lang='lat' dir='ltr'>tradere</span> <span class='ocrx_word' id='word_1_295' title='bbox 1006 3989 1206 4099; x_wconf 82' lang='lat' dir='ltr'>adgredior.</span> 
     </span>
     <span class='ocr_line' id='line_1_38' title="bbox 202 4080 1391 4282; baseline -0.01 -113"><span class='ocrx_word' id='word_1_296' title='bbox 202 4095 242 4199; x_wconf 68' lang='lat'>§-</span> <span class='ocrx_word' id='word_1_297' title='bbox 269 4091 403 4191; x_wconf 75' lang='grc' dir='ltr'>ΟΧΙΙ.Ι</span> <span class='ocrx_word' id='word_1_298' title='bbox 418 4086 529 4167; x_wconf 89' lang='lat' dir='ltr'>Diem</span> <span class='ocrx_word' id='word_1_299' title='bbox 553 4081 682 4187; x_wconf 87' lang='lat' dir='ltr'>Judicii</span> <span class='ocrx_word' id='word_1_300' title='bbox 699 4087 876 4282; x_wconf 41' lang='lat' dir='ltr'>nezelone</span> <span class='ocrx_word' id='word_1_301' title='bbox 894 4080 1391 4254; x_wconf 61' lang='lat' dir='ltr'>diemrauonit.reddenfldae,·</span> 
     </span>
     <span class='ocr_line' id='line_1_39' title="bbox 791 4198 1397 4283; baseline 0.007 -4"><span class='ocrx_word' id='word_1_302' title='bbox 791 4203 813 4259; x_wconf 77' lang='lat'>2</span> <span class='ocrx_word' id='word_1_303' title='bbox 1084 4205 1092 4215; x_wconf 88' lang='lat'>&#39;</span> <span class='ocrx_word' id='word_1_304' title='bbox 1240 4198 1283 4278; x_wconf 72' lang='lat' dir='ltr'>Ju</span> <span class='ocrx_word' id='word_1_305' title='bbox 1321 4199 1397 4283; x_wconf 61' lang='grc' dir='ltr'>ω·</span> 
     </span>
    </p>
   </div>
   <div class='ocr_carea' id='block_1_4' title="bbox 0 0 1556 4814">
    <p class='ocr_par' dir='ltr' id='par_1_4' title="bbox 0 0 1556 4814">
     <span class='ocr_line' id='line_1_40' title="bbox 0 0 1556 4814; baseline 0 6"><span class='ocrx_word' id='word_1_306' title='bbox 0 0 1556 4814; x_wconf 95' lang='lat' dir='ltr'> </span> 
     </span>
    </p>
   </div>
  </div>
 </body>
</html>
