3104 4814
139 609 234 685 ,gr
539 593 690 695 ffistoria
720 596 850 701 Erclrs.
875 599 994 705 Christ.
1079 621 1084 629 “

76 848 80 857 .
166 779 233 856 111.
259 777 316 852 sen
339 770 535 872 quinijixti,
553 795 628 881 ⁸quo
645 775 818 853 Christum
834 779 892 854 sub
910 778 1022 853 forma
1044 781 1124 874 agni
1147 795 1290 852 vetatur
1307 774 1388 872 piu·¹
1428 849 1431 854 .

166 879 225 975 gi,
250 896 287 947 et
303 875 415 947 forma
432 872 578 943 lrominrs
597 874 811 969 praefertur,
837 879 927 951 nulla
943 875 1160 950 adorationis
1180 872 1269 948 fana
1286 895 1387 951 meu·

168 973 288 1058 tione,
330 967 388 1041 sed
424 986 559 1040 tanturn
591 967 803 1062 inlituslionir
837 993 901 1064 per
934 970 1113 1069 imagines.
1166 973 1252 1046 Vid.
1279 968 1388 1042 eriam

35 1127 40 1138 .
167 1066 348 1141 cedrenus
364 1064 401 1136 in
422 1065 616 1159 Compend.
635 1064 727 1138 Hist.
743 1067 783 1139 in
793 1062 1023 1140 Constantino
1040 1070 1238 1165 Pogonato.
1264 1063 1386 1160 Quem
1402 1133 1406 1139 .

167 1183 342 1237 canonem
369 1159 568 1253 rejecerunt
596 1159 971 1250 Romano-Catholici,
1000 1185 1148 1257 propter
1174 1184 1273 1255 agnos
1298 1161 1386 1247 Dei,

167 1279 214 1333 ex
239 1277 367 1344 cereo,
393 1258 449 1327 seu
472 1277 564 1327 nova
590 1279 672 1332 cera
696 1254 896 1346 benedisla,
928 1259 1081 1346 confici,
1114 1276 1153 1331 er
1177 1259 1328 1331 Sabbato
1351 1256 1388 1328 in

167 1355 255 1429 albis
282 1347 469 1441 distribui,
496 1349 628 1426 solitos.
680 1351 785 1447 Cujus
809 1348 885 1424 usus
901 1354 1039 1426 mentio
1056 1352 1210 1427 occurrit
1233 1350 1269 1424 in
1281 1351 1389 1428 Ordi-

133 1466 137 1471 ·
167 1470 212 1524 ne
239 1450 422 1535 Romano,
449 1445 509 1543 qui
534 1445 661 1520 Gelasri
685 1469 814 1520 nomen
831 1445 997 1542 praefert.
1049 1449 1107 1521 De
1120 1447 1220 1524 cerei
1246 1444 1387 1540 pascha·

166 1545 211 1620 lis
231 1542 502 1631 benediiiione,
545 1544 603 1616 seu
636 1541 923 1632 consecratione,
964 1543 1105 1640 ejusque
1141 1542 1388 1639 particularum

166 1636 436 1728 distributione,
461 1660 503 1712 ac
528 1662 644 1714 earum
672 1639 753 1729 usu,
780 1638 816 1711 iu
834 1640 924 1730 agris
941 1656 1011 1714 etc.
1037 1659 1165 1713 contra.
1178 1641 1390 1713 daemonum

167 1734 392 1834 praestigias,
419 1753 457 1806 et
489 1734 643 1809 tonitrua
660 1752 752 1825 eto,
776 1731 1005 1823 muniendis,
1022 1757 1177 1809 necnon
1197 1734 1309 1807 forma
1326 1755 1388 1831 ag·

169 1833 229 1922 ni,
255 1832 292 1904 in
319 1828 474 1903 Ecclesia
497 1832 657 1903 Romana
680 1829 760 1904 inde
781 1825 891 1918 facia,
923 1829 1089 1924 legendus
1108 1828 1160 1902 est
1176 1826 1385 1919 Ennodius,

168 1927 239 2004 sec.
255 1922 612 2018 'Vlti‘scriptor,‚in
637 1925 745 2022 Oper.
770 1921 945 1998 Sirmondi
972 1945 1058 1998 torn⁴
1079 1927 1107 2000 1.
1132 1924 1388 1999 etSirmoudua

167 2021 307 2096 innot.
353 2024 540 2109 Ceterum,
573 2037 713 2116 praeter
736 2017 932 2119 lapsiorum
966 2018 1155 2117 imagines,
1188 2021 1388 2096 habuerunt

218 2138 327 2214 oque,
354 2138 425 2189 non
452 2113 522 2187 srne
548 2113 782 2212 superstitiosa
805 2106 1059 2206 veneratione,
1084 2118 1330 2213 lnperatorum
1346 2133 1386 2193 et

198 2214 392 2310 ynodorum
426 2209 616 2308 imagines,
655 2231 692 2284 et
719 2209 889 2304 pisiuras,
922 2209 1011 2285 dum
1053 2234 1111 2284 eas
1142 2214 1400 2307 lnperatorum,

168 2306 289 2383 moltis
309 2307 634 2395 adclamationibus,
660 2306 793 2395 suffitu,
818 2325 856 2379 et
880 2307 993 2380 cereis
1022 2306 1241 2403 exceperint.
1289 2305 1380 2386 vid.

168 2403 401 2500 spanhemius
428 2403 474 2475 de
496 2405 702 2497 Imaginibus
725 2405 834 2500 Oper.
860 2417 946 2475 tom.
971 2403 1018 2475 Il.
1202 2472 1206 2481 .

192 2498 249 2596 ·§.
276 2498 360 2574 XV.
394 2499 514 2571 Cultus
530 2497 645 2571 divini
666 2519 801 2594 partes,
830 2512 867 2567 et
884 2496 991 2587 ritus,
1012 2519 1077 2594 qna
1093 2495 1387 2573 rationesesehoc

169 2593 287 2671 seculo
319 2594 525 2680 habuerint,
565 2592 856 2688 exsequentibus
886 2592 1123 2666 monumentis
1154 2594 1386 2670 hauriendum

63 2771 65 2774 ,
155 2689 241 2779 ‚est3
266 2689 457 2764 canonibus
479 2687 615 2762 scilicet
641 2689 872 2762 conciliorum
901 2688 1174 2778 Toletanorum,
1199 2709 1237 2763 et
1298 2688 1386 2764 uini·

167 2783 281 2872 sexti,
314 2783 495 2858 Theodori
519 2783 771 2859 Cantuariensrs
792 2781 831 2857 in
859 2781 985 2879 Anglia
1009 2783 1187 2875 capitulis,
1219 2803 1255 2858 et
1297 2786 1388 2860 srdo·

166 2907 209 2956 ro
235 2880 429 2976 Hispaleusr
453 2881 496 2954 de
521 2883 735 2976 Originibus,
760 2879 942 2976 inprimis
966 2878 1009 2953 de
1031 2877 1164 2973 Officiis
1192 2880 1386 2976 Ecclcfiast.

165 2977 222 3052 Ex
246 2977 369 3070 quibus
393 2974 609 3049 manifestum
633 2976 706 3065 est,
731 2999 803 3048 rem
818 2975 993 3073 religionis
1005 2981 1131 3050 eodem
1147 2972 1275 3052 sercin
1294 2975 1384 3052 statu

167 3070 348 3159 mansrffe,
368 3090 438 3165 quo
457 3070 642 3166 superiore
654 3069 769 3142 seculo
782 3070 870 3156 suit,
888 3070 1392 3169 rantumadcrallamsupersti·

169 3166 305 3243 tionem
320 3162 430 3260 magia
448 3163 623 3262 magisque
639 3163 831 3252 inclinasse,
851 3182 887 3235 et
905 3164 945 3236 ad
957 3165 1202 3258 subjeblioncm
1212 3167 1390 3245 Ecclesiae

164 3261 365 3348 Romanae,
391 3260 483 3334 unde
501 3261 621 3352 multi,
647 3260 753 3333 etiam
770 3255 876 3349 novi,
901 3258 986 3334 ritus
1000 3261 1042 3334 ad
1066 3261 1212 3359 reliquas
1227 3263 1388 3340 defluxe-

166 3380 249 3435 runt
274 3355 442 3431 Ecclefias
480 3357 631 3431 Latinas.
687 3357 744 3429 De
774 3378 843 3451 quo
868 3357 970 3450 paulo
994 3354 1097 3430 fufius
1121 3358 1172 3430 est
1189 3361 1385 3470 agendum,
1449 3360 1457 3376 ¹

166 3452 346 3553 postquam
363 3452 621 3542 observavero,
647 3451 866 3526 fundamenta
877 3453 1015 3544 linguat
1040 3455 1190 3546 ignotae„
1216 3479 1253 3529 rn
1269 3457 1385 3532 sacro·

164 3571 242 3623 rurn
259 3547 462 3638 exercitio,
478 3549 551 3645 jam
572 3549 642 3621 hoc
661 3546 777 3621 seculo
794 3545 894 3620 luisse
912 3546 997 3640 jalla
1014 3547 1107 3622 inter
1124 3551 1289 3645 Latinos,
1312 3577 1388 3631 non

165 3643 300 3730 studio,
325 3644 381 3718 sed
406 3644 499 3740 quod
524 3642 677 3718 officium
703 3643 959 3738 Gregorianum
986 3642 1114 3740 ubique
1139 3647 1321 3742 obtinere,
1338 3667 1387 3732 ,et

163 3741 312 3838 populus
333 3742 376 3814 ab
403 3739 462 3813 usu
487 3738 624 3834 linguae
647 3738 795 3813 Latinae
825 3740 986 3834 coeperit
1009 3740 1197 3815 deflenere
1236 3767 1300 3840 per
1327 3746 1385 3821 in·

165 3835 341 3914 cursiones
360 3834 612 3920 Barbarorum‚
641 3855 830 3929 eorumque
846 3855 927 3907 cum
943 3836 1078 3911 Latinis
1096 3838 1134 3909 in
1153 3838 1283 3931 Gallia,
1306 3842 1384 3916 An·

161 3931 254 4112 giga,
287 3931 496 4022 Germania,
521 3951 559 4004 et
587 3929 756 4026 Hispania
776 3930 1099 4009 commixtionibus.
1150 3933 1277 4027 Unde,
1301 3959 1382 4013 cum

214 4052 282 4131 gua
308 4025 432 4105 Latina
463 4027 649 4129 depravata
685 4015 819 4121 luerit,
845 4043 881 4101 et
903 4028 985 4106 dein
1009 4048 1084 4102 non
1106 4029 1252 4127 amplius
1271 4031 1382 4202 incid·

168 4176 190 4207 ..
734 4190 743 4199 .
784 4196 787 4201 ,
995 4192 1003 4208 ,
1284 4149 1303 4200 e
1340 4151 1384 4226 a,
