3096 4462
273 207 347 308 540
554 180 557 191 Δ
623 139 633 162 Ι
663 188 816 306 Historia
833 194 967 308 Eccles,
986 205 1104 348 Cirris}

273 409 416 488 perator
436 381 536 463 Otho
561 385 639 476 M„
664 411 684 461 a
708 389 867 484 Johanne
890 369 1208 480 X11.,'coronirr'us,
1234 389 1277 464 de
1300 413 1362 486 quo
1382 389 1464 484 snpra

269 491 354 586 egi:
379 510 398 559 a
423 508 491 584 quo
516 503 675 580 tempore
699 509 718 570 a
743 485 884 560 Francis
900 489 941 559 ad
964 487 1155 560 Germanos
1178 489 1306 561 transiit
1322 492 1466 582 loperaio-

270 587 325 658 ria
349 583 511 678 dignitas:
546 605 610 678 qua
642 581 679 652 iri
708 605 746 652 re
778 581 917 656 eaedem
947 585 1059 677 Papae
1091 603 1224 656 tantum
1257 587 1386 658 suerunt
1405 607 1466 677 par·

236 745 243 756 .
268 698 348 768 tes,
382 701 467 774 quae
491 676 602 750 Leoni
623 677 661 752 in
685 679 808 752 Carolo
832 687 1045 754 coronando.
1093 681 1152 754 De
1174 703 1244 779 quo
1273 681 1315 754 ad
1344 685 1467 754 seculum

266 773 423 872 superius
447 775 600 872 exposui.

318 869 351 968 s.
379 871 483 946 DVl.
528 867 688 944 llistoria
713 869 879 967 Papartim
913 871 1108 948 summatim
1144 875 1289 965 tradita,
1325 873 1469 972 quaedam

268 967 358 1045 ‘inde
382 967 573 1066 colligenda
600 969 697 1054 sunt,
739 971 781 1040 ad
812 989 933 1042 eorum
960 969 1176 1044 characteres
1207 995 1245 1046 et
1274 969 1470 1048 autoritatem

271 1064 498 1164 pertinentia.
551 1085 581 1139 1.
606 1063 729 1139 Nemo
755 1065 922 1160 Paparum
948 1068 1018 1140 lioc
1042 1070 1154 1142 seculo
1171 1067 1348 1142 autoritati
1367 1087 1467 1164 acpt-

271 1162 391 1238 'testati
412 1159 572 1236 incubuit
596 1165 878 1254 promovendae,
920 1183 978 1234 aut
1012 1163 1198 1260 Majestate
1224 1167 1336 1262 Papali
1359 1163 1467 1259 aliquid

268 1261 423 1358 'dignum
450 1257 544 1354 egit,
570 1275 710 1353 praeter
735 1257 945 1353 Gregorium
970 1259 1038 1350 V.,
1079 1260 1137 1358 qui
1163 1261 1259 1357 Regi
1284 1263 1467 1334 Francorum

165 1435 170 1448 ,
274 1377 425 1457 propter
457 1353 656 1448 illegitimas
681 1353 820 1448 nuptias
846 1355 995 1429 minatus
1024 1353 1074 1430 est
1104 1352 1315 1448 anatliema,
1352 1377 1386 1430 et
1414 1358 1470 1429 toti

272 1467 385 1552 regno
413 1451 449 1526 in
475 1449 573 1522 causa
599 1448 784 1542 Arnulplii.
836 1451 1004 1547 Paparum
1036 1475 1157 1526 manus
1186 1453 1325 1528 suerunt
1350 1453 1468 1526 virtue

272 1569 339 1653 per
374 1543 627 1621 Marchionum
661 1543 830 1633 Tusciae,
866 1568 905 1618 ut
938 1567 974 1620 et
1004 1547 1217 1622 Theodorae
1243 1573 1286 1624 ac
1316 1551 1469 1624 Marozlae

273 1642 499 1730 dominium,
532 1661 600 1711 nec
633 1661 705 1712 non
739 1662 805 1736 per
840 1640 1029 1716 Crescentii
1061 1637 1303 1744 tyrannidem,
1341 1649 1469 1742 denique

272 1753 339 1844 pel
357 1741 610 1814 Germanorum
638 1735 758 1832 Reges
775 1755 812 1809 et
837 1739 1068 1833 lnperatores.
1120 1763 1152 1835 3.
1178 1742 1375 1817 Dominium
1398 1767 1467 1839 quo·
1536 1769 1537 1831 i

301 1859 352 1912 ue'
379 1834 475 1909 urbis
506 1830 574 1905 suit
607 1855 717 1930 penes
748 1833 967 1928 Inpeiatores
997 1834 1056 1908 sub
1088 1837 1289 1928 Germanis,
1320 1862 1338 1910 a
1365 1847 1468 1934 quibui
1536 1849 1537 1889 r

271 1865 443 2031 daparum
464 1925 654 2003 elet'liones
678 1949 719 2002 ac
734 1929 970 2004 ordinationes
985 1929 1090 2004 etiarn
1109 1933 1362 2029 pependerunt.
1407 1937 1468 2009 Re·

301 2033 402 2106 iones
429 2025 570 2125 quidem
595 2021 759 2122 antiquae
784 2023 855 2098 sedi
881 2025 1105 2122 Apostolicae
1128 2031 1206 2103 sunt
1229 2030 1401 2116 redditae,
1422 2029 1468 2104 sed

269 2057 367 2209 ialin
386 2125 629 2221 Inperatorum
648 2121 808 2216 supremo
824 2122 1015 2198 dominatu.
1066 2145 1099 2215 4.
1120 2124 1289 2221 Paparum
1306 2127 1468 2201 eletiioner

208 2223 227 2254 ’·
271 2246 314 2302 et
341 2217 613 2320 gubernationes
643 2215 744 2291 valde
774 2216 917 2290 luerunt
948 2217 1140 2308 confusae,
1177 2241 1212 2294 et
1247 2227 1467 2310 turbulentae,

265 2321 454 2415 ‘multaque
475 2313 645 2399 discidia;
679 2311 767 2385 adeo
797 2334 836 2387 ut
859 2313 943 2387 alius
968 2315 1071 2390 aliurn
1097 2319 1311 2412 extruserit,
1341 2341 1371 2390 er
1390 2317 1464 2392 varii

272 2417 433 2494 violenta
464 2429 579 2484 morte
611 2408 730 2482 sublati
765 2405 842 2484 lint.
900 2431 936 2500 5.
970 2413 1087 2510 Aliqui
1121 2409 1265 2488 suerunt
1299 2413 1463 2503 libidinofi,

197 2561 203 2568 -
271 2507 426 2594 scelesti,
456 2522 491 2578 et
515 2503 703 2578 multorum
723 2501 909 2579 criminum
927 2509 995 2597 rei,
1023 2527 1061 2582 ut
1083 2506 1223 2604 Sergios
1246 2511 1467 2606 111.‚]0nan·

271 2633 336 2689 nes
368 2603 474 2691 xii,
506 2597 707 2673 bonifacius
730 2599 838 2686 Vll.‚
874 2620 910 2675 et
927 2602 1107 2697 Johannei
1131 2605 1215 2679 XV.
1239 2611 1344 2702 pauci
1362 2609 1469 2681 tolera·

272 2706 381 2791 biles,
399 2721 484 2775 unus
499 2697 655 2786 alterve,
681 2718 747 2791 pro
762 2693 895 2772 infelici
911 2697 971 2772 illo
989 2721 1171 2796 tempore,
1195 2699 1319 2779 bonus.
1350 2710 1381 2777 6.
1399 2706 1469 2778 Cre·
1535 2703 1536 2744 ³

271 2800 390 2886 ditum
414 2817 486 2870 non
509 2791 602 2902 suit,
626 2793 737 2900 Papas
759 2789 895 2902 judicio
918 2793 1092 2870 Ecclesiae
1113 2796 1184 2871 else
1212 2817 1389 2889 exemtot,
1418 2815 1468 2872 aut

272 2895 400 2978 nullam
427 2891 612 2965 admittere
653 2886 995 2978 contradictionem,
1026 2893 1138 2966 multo
1172 2890 1287 2968 minus
1320 2917 1380 2967 eos
1409 2895 1468 2969 else
1535 2885 1536 2942 l

273 2987 483 3076 infallibilei.
533 2979 790 3058 Testimonium
808 2984 909 3080 hujus
925 2985 1099 3062 observati
1117 2989 1262 3084 praebet
1276 2991 1469 3066 luculentum

240 3107 241 3112 ’
273 3083 451 3186 depositio
460 3077 628 3180 Johannis
646 3079 745 3167 XV.,
765 3097 802 3152 et
820 3081 977 3176 synodus
994 3083 1221 3175 Rhemenfis‚
1247 3108 1334 3184 qtrae
1349 3109 1378 3162 a.
1394 3107 1468 3180 991.
1535 3073 1536 3142 i

272 3178 455 3284 deposuit,
482 3175 598 3252 invito
616 3177 727 3272 Papa,
745 3173 959 3271 Arnulpum,
983 3183 1086 3276 eique
1108 3179 1249 3259 suffecit
1265 3184 1471 3259 Gerbeituiii.
1535 3143 1536 3225 i

214 3322 218 3330 ,
269 3283 379 3380 cnjus
410 3271 590 3346 historiam
623 3269 828 3368 conscripsit
860 3273 1072 3366 Gerbertiis,
1106 3297 1208 3374 quani
1239 3301 1286 3355 eir
1318 3280 1397 3358 Mil.
1420 3301 1473 3356 co·

270 3381 349 3458 dice
372 3367 558 3447 recensent
584 3367 843 3442 centuriatorei
868 3367 1205 3470 Magdebnrgenses:
1229 3374 1268 3451 iri
1292 3399 1357 3474 qua
1376 3377 1471 3450 inulta

161 3479 172 3494 “
268 3469 388 3574 Papali
415 3465 594 3564 supremae
616 3463 792 3542 autoritati
814 3460 955 3542 adversa
986 3469 1022 3543 se
1051 3467 1226 3559 offerunt,
1266 3473 1354 3550 licut
1375 3469 1469 3546 etiarn

253 3575 305 3654 lln
328 3561 427 3670 epist.
455 3557 620 3676 Gerbeiti
652 3559 695 3633 ad
722 3558 931 3672 §egdoram
961 3564 1278 3663 Archiepiscopuni
1303 3572 1473 3645 Senonen·

258 3671 361 3798 geni,
399 3657 590 3747 Aomlbu
611 3657 755 3742 &roan
784 3653 927 3744 inserta
983 3661 1144 3746 addatur
1170 3661 1288 3747 serim
1322 3659 1480 3850 Gerboqi⁹
