3130 4468
239 163 318 234 ott
371 191 375 198 ·
444 193 449 208 ·
629 139 781 247 rustum
797 141 1077 254 Etruscum.

247 331 420 420 habetata
446 323 549 422 fiput'
564 339 674 404 utem
691 333 734 418 in
756 347 889 426 peccato
911 325 1116 430 persertim
1139 325 1340 419 mutatur,
1362 326 1482 406 nultus

245 433 384 526 uelitum
406 423 547 522 officium
571 447 679 500 rorum
713 429 833 504 audire·
853 427 1062 525 praesumat.
1094 430 1368 523 quatenarium
1396 427 1474 498 iuo-

93 540 95 549 '
227 551 317 604 'rum
355 531 494 600 uertitur
517 524 562 594 in
602 525 888 614 maledictionem.
910 533 949 598 'rt
990 527 1094 601 oratio
1125 527 1159 600 in
1196 539 1368 619 peccatum
1396 523 1470 596 etc'.

246 616 413 717 Denique
445 619 484 693 in
508 615 574 692 hac
598 618 804 716 posteriore'
818 623 969 719 synodo.
988 623 1171 695 decretum
1202 619 1256 694 est
1288 618 1473 694 conditum

247 733 372 792 contra
407 715 655 806 Invenimus,
694 715 787 814 quod
819 717 931 792 refert
969 718 1084 814 Hugo
1122 714 1396 790 Fhviuiacenfis
1434 715 1477 787 in

116 825 118 830 '
247 817 383 888 chron.
429 808 672 901 Virdunensr,
718 833 789 908 quo
831 811 1053 902 declaratur,
1093 835 1161 907 pro
1196 811 1378 908 Episcopo
1415 810 1474 884 vei

247 912 387 990 Abbatc
410 927 482 984 non
506 901 576 986 effe
600 904 883 1004 agnoscendum,
933 906 968 982 ui
992 903 1242 1004 Episcopatum
1269 911 1328 980 vel
1355 907 1475 980 Abba·

247 1007 335 1084 tiam
361 1005 409 1084 de
430 1027 530 1077 mauu
552 1004 696 1100 alicujus
721 1003 827 1110 laicae
849 931 1001 1101 periturae
1015 1001 1221 1102 susceperit,
1265 1025 1336 1077 nec
1370 1004 1472 1110 uliam

248 1105 284 1182 ti
309 1099 550 1198 praestandam
573 1098 643 1174 effe
666 1099 931 1176 obedientiam:
962 1104 1056 1196 quod
1081 1099 1194 1196 ipsum
1217 1099 1262 1172 de
1287 1097 1468 1172 inferiori·

249 1203 315 1280 bur
344 1193 597 1276 Eccleiiasticir
627 1194 857 1292 dignitatibus
888 1193 996 1272 etiam
1026 1195 1192 1270 staturum
1222 1193 1298 1286 est,
1334 1195 1475 1290 quaudo

249 1291 408 1381 additur,
433 1292 474 1368 ,ἦ
505 1289 584 1387 quit
608 1291 872 1388 Imperatorum,
906 1291 1066 1378 Ducum,
1102 1289 1380 1379 moeniorum,
1415 1289 1475 1364 vei

247 1387 438 1486 cujussibet
448 1385 649 1460 secularium
661 1385 899 1483 potestatum,
917 1407 975 1460 aut
986 1386 1227 1482 personarum,
1240 1386 1477 1482 investituram

250 1485 491 1584 Episcopatus,
521 1483 574 1557 vel
594 1485 742 1574 alicujus
775 1479 1026 1581 Ecclefiaftirar
1048 1485 1245 1576 dignitatis,
1277 1483 1358 1555 aare
1374 1501 1477 1576 prae·

242 1581 423 1686 sumserit,
456 1573 599 1673 ejusdam
621 1576 810 1674 sententiar
833 1583 959 1656 uinculo
974 1577 1017 1675 se
1040 1579 1224 1670 adsimilem
1239 1581 1343 1674 sciat.
1393 1581 1475 1650 Imo

250 1678 319 1850 at:
337 1669 1475 1847 tentaruntrenuntiantium

278 1869 343 1942 hur
366 1864 598 1942 itistoticurl.
623 1866 692 1942 IV.
718 1888 751 1941 c.
778 1889 813 1962 3.
864 1865 973 1942 Miffa
997 1887 1082 1940 mox
1096 1864 1365 1963 quaquaversum
1382 1868 1476 1940 naec

249 1893 332 2042 iurat
354 1963 515 2051 decreta,
540 1960 678 2062 legatio
703 1983 841 2060 quoque
863 1963 903 2038 in
929 1958 1122 2059 posteriore
1144 1961 1288 2058 synodo
1314 1961 1353 2034 in
1380 1962 1471 2036 Get·

249 2058 405 2138 ¹maniam
424 2055 476 2133 est
499 2055 692 2149 destinata,
717 2081 820 2157 quam
843 2056 937 2135 obiit
959 2057 1128 2132 Coriensu
1150 2056 1355 2157 Episcopus.

259 2169 264 2231 ’,
298 2153 336 2326 p.
362 2154 564 2231 DLXXXI.
596 2153 698 2254 Quae
721 2155 883 2244 decreta,
915 2175 1063 2252 quorum
1085 2151 1330 2230 executionem
1356 2151 1479 2230 severe

242 2276 296 2336 ar
311 2273 338 2328 rt
362 2253 474 2348 Papa,
498 2248 537 2324 in
554 2249 780 2326 Germaniam
847 2251 934 2324 tlara
961 2273 996 2325 1.
1020 2268 1132 2325 totam
1148 2273 1234 2326 mox
1248 2249 1472 2327 Clericorum

252 2347 466 2434 teutonem,
504 2347 565 2442 qui
591 2367 719 2422 uxorea
748 2368 797 2420 no
808 2347 914 2422 ebant
946 2345 1148 2440 dimittere,
1187 2345 1227 2420 in
1254 2347 1473 2444 Gregorium

253 2443 500 2528 concitarunt3
528 2463 575 2514 eo
601 2445 709 2518 etiam
736 2443 863 2540 usque,
895 2459 934 2518 ut
956 2441 1067 2542 ipsum
1086 2441 1239 2518 dixerint
1261 2444 1475 2532 haereticum,

254 2539 345 2617 teste
368 2538 562 2613 Lamberto
591 2535 799 2626 Schafnab.‚
824 2538 903 2612 imo
928 2559 1011 2612 curn
1027 2538 1246 2635 sigefridus,
1270 2539 1477 2638 Archiepii·

256 2659 368 2732 copus
384 2631 645 2730 Mogunrinm,
670 2632 817 2730 Synodo
832 2632 954 2710 coacta
970 2634 1188 2730 Mogontiae
1202 2659 1233 2710 a.
1263 2659 1397 2728 ¹075·»
1422 2637 1482 2710 de·

256 2749 391 2808 cretum
418 2731 463 2802 <ie
490 2728 666 2804 coelibatu
693 2749 857 2826 urgeret,
882 2730 971 2806 tanti
988 2731 1160 2806 concitati
1186 2728 1322 2806 fuerint
1343 2751 1481 2823 motus,

256 2846 297 2904 ut
322 2831 384 2902 vix
409 2825 517 2899 salvus
540 2825 721 2902 videretur
746 2827 932 2901 evasurus:
957 2825 1061 2922 quare
1085 2825 1161 2922 ipse
1189 2825 1274 2902 ium
1293 2828 1483 2920 negotium

257 2925 373 3019 Papae
390 2920 554 3016 reliquit,
581 2921 708 2994 eodem
735 2919 823 2996 teste
839 2923 1042 2996 Lamberto.
1097 2944 1130 2998 a.
1154 2923 1363 3010 Praeterea,
1385 2925 1485 3014 quod

255 3019 403 3190 pariensis
426 3015 503 3184 citi>g
525 3015 920 3186 rpptivprspnpgnpetium
945 3016 1011 3092 fuit
1025 3017 1247 3188 hfoppibilitep
1264 3017 1479 3192 {ambitium

276 3137 333 3190 nr
373 3135 456 3188 aur
564 3135 620 3189 om
692 3135 1230 3202 11u8‚eu³raecus‚t1
1307 3137 1485 3190 aturrus

257 3141 385 3297 aradii,
409 3211 466 3280 ve}
488 3205 572 3280 alius
596 3206 692 3302 quis,
727 3226 765 3282 ut
786 3139 1062 3296 Berririedi'nfim
1096 3210 1270 3286 latronum
1297 3232 1403 3288 manu
1427 3211 1481 3288 sti·

256 3326 377 3406 patus,
399 3303 434 3375 in
459 3301 669 3393 Ecclesiam,
702 3326 785 3380 cum
808 3305 900 3402 Papa
917 3306 1117 3382 celebrabat
1139 3304 1296 3396 mittam,
1321 3307 1476 3398 irruent,

256 3404 386 3482 nultos
408 3396 559 3489 occidit,
591 3399 704 3512 ipsum
727 3403 857 3498 Papam
890 3401 1112 3493 vulneravit,
1148 3421 1182 3474 et
1210 3403 1393 3480 violenter
1418 3408 1477 3482 ab·

252 3498 387 3580 strauit.
440 3494 529 3606 Sed3
562 3517 621 3591 qut
645 3519 707 3592 per
729 3497 899 3604 populum
924 3519 1099 3576 armatum
1128 3518 1409 3576 concurrentem
1431 3499 1482 3576 eii

246 3593 446 3696 —repreffum
474 3611 603 3690 etum,
626 3611 709 3676 curu
722 3593 985 3692 poenitentiam
1014 3595 1269 3704 confitentum
1300 3597 1482 3774 veniappa

771 3743 777 3762 ·
800 3759 806 3773 ·
1436 3718 1484 3796 ΡΙ
