3104 4814
663 596 1005 701 amru-212
1128 547 1132 573 ’
1313 610 1394 709 205:

171 779 232 881 ·§.
258 771 445 853 DCLVll.
486 774 529 850 Iu
561 772 631 852 hoc
673 778 773 869 casu,
821 779 928 876 cujus.
955 776 1132 872 generales
1170 771 1253 849 duxi
1288 775 1388 851 line<

162 902 218 966 a,
251 875 507 949 accuratiorem
532 871 614 945 dedi
640 873 801 948 notitiam
825 874 859 948 in
884 871 978 949 Hist.
1003 874 1134 948 Eccles.
1167 894 1231 968 per
1262 873 1377 945 omnia

158 974 311 1058 Secula,
353 965 596 1041 Charaeierem
633 970 874 1049 dominantem
934 994 973 1041 er
1009 970 1121 1049 omnia
1159 967 1220 1042 ista
1258 971 1378 1045 Secula

158 1070 263 1145 luille
287 1065 407 1149 litum,
432 1059 535 1134 facile
560 1064 828 1140 demonstratur.
863 994 933 1164 (ri
950 1066 1056 1164 Quod
1081 1066 1185 1138 Casus
1208 1064 1276 1136 fuit
1292 1088 1376 1140 con·

160 1167 277 1241 tiuuut
299 1181 378 1232 toto
403 1159 474 1231 hoc
499 1177 657 1255 tempore
674 1162 904 1258 conspicuus;
926 1161 1011 1236 licet
1027 1163 1103 1233 Sec.
1121 1162 1166 1235 X.
1185 1181 1222 1231 et
1241 1161 1292 1233 XI
1311 1164 1376 1237 mi·

162 1280 253 1336 nore
281 1255 408 1353 gradu,
425 1254 583 1362 repono
605 1256 739 1367 quippe
763 1258 807 1334 ad
824 1258 930 1331 finem
947 1278 1133 1352 vergente.
1182 1252 1242 1352 (a)
1267 1257 1372 1358 Quod

161 1359 268 1432 Casus
296 1352 364 1424 fuit
393 1372 542 1423 maxime
565 1352 720 1441 illustris,
752 1356 789 1426 in
815 1355 971 1426 omnium
998 1375 1081 1425 mox
1110 1352 1227 1427 oeulos
1258 1354 1375 1429 incur·

160 1474 265 1539 rem,
288 1446 346 1544 qui
372 1446 539 1519 maximos
562 1448 660 1522 dedit
685 1469 811 1523 motus.
862 1448 930 1545 (3)
960 1449 1054 1551 Quia
1080 1449 1174 1522 casus
1198 1445 1266 1520 fuit
1294 1452 1376 1523 uni·v

160 1547 305 1626 verialia
331 1565 394 1637 per
418 1562 529 1615 totum
553 1543 764 1635 Ecclesiam,
795 1545 880 1617 licet
904 1568 1009 1621 nunc,
1032 1567 1098 1639 per
1136 1543 1246 1631 hanc,
1280 1567 1373 1619 nunc

160 1664 226 1742 per
257 1641 348 1714 illam
385 1637 557 1711 Ecclesiae
590 1661 726 1736 partem
758 1636 870 1737 magia
903 1639 1128 1736 conspicuus,
1181 1632 1240 1732 (4)
1276 1643 1373 1715 casus

161 1740 238 1828 est,
264 1735 323 1831 qui
348 1755 395 1805 eo
419 1735 586 1828 majorem
610 1754 762 1813 meretur
783 1736 1039 1824 attentionem,
1063 1734 1157 1830 quod
1184 1735 1371 1813 Ecclesiam

161 1838 203 1912 in
231 1833 343 1906 variat
366 1851 502 1924 partes,
528 1833 639 1906 varias
664 1833 877 1920 Societater,
900 1855 988 1930 quae
1014 1831 1098 1903 dein
1121 1829 1370 1924 substiterunt,

164 1929 347 2005 diviserit:
379 1944 479 1997 ortae
505 1926 588 2000 hinc
611 1927 690 2001 sunt
718 1923 894 2002 Eccleliae
924 1926 1158 2015 Arianorum,
1190 1925 1372 2002 Nestoriu-

141 2026 314 2110 ''norum,
346 2018 666 2115 Eutychianorum,
698 2023 952 2112 Orientalium,
993 2021 1294 2113 Occidentalium,
1335 2045 1372 2099 et

189 2144 254 2195 uae
282 2121 361 2192 sunt
383 2119 481 2189 aliae.
531 2114 591 2214 (5)
615 2119 788 2208 Accedit,
821 2119 914 2218 quod
941 2118 1000 2193 hic
1028 2121 1122 2193 casus
1148 2115 1302 2192 stabilem
1335 2121 1372 2197 in

163 2149 323 2293 iicclesra
347 2211 603 2286 confeliionem·
623 2213 815 2307 Veritatis,
847 2214 1007 2290 formulis
1037 2213 1074 2286 in
1101 2215 1252 2310 Synodir
1283 2219 1372 2297 Uni·

166 2312 357 2388 versalibus
382 2306 469 2382 cusis
490 2307 705 2398 admittam,
757 2313 932 2407 epereritt
957 2327 995 2383 ut
1019 2308 1178 2394 Nicena,
1206 2312 1378 2390 Constan··

163 2405 456 2505 tinopolitaual.,
482 2404 676 2499 Ephesma,
701 2334 990 2492 Cfialtedonenfi,
1018 2400 1371 2500 Constantinopolita-

167 2530 213 2582 na
242 2507 306 2593 ll.,
330 2499 434 2572 llltia
461 2521 583 2571 contra
615 2501 893 2590 Monothelitas,
919 2500 1061 2574 Nicena
1088 2499 1134 2571 ll.
1171 2523 1237 2592 pro
1265 2506 1370 2580 Cultu

163 2600 373 2696 Imaginum.
426 2588 485 2692 (6)
511 2595 547 2668 Si
573 2617 655 2668 cum
672 2597 755 2671 aliia
774 2617 998 2693 comparetur
1028 2593 1088 2669 hic
1121 2594 1235 2682 casus,
1269 2598 1368 2695 supra

162 2719 289 2775 omnes
312 2692 396 2764 alios
426 2696 531 2785 longe
562 2690 720 2765 eminere
754 2693 799 2769 de
823 2692 1034 2767 rehendetur
1095 2711 1133 2760 er
1165 2691 1285 2769 omnia
1316 2697 1371 2771 illa

162 2793 307 2872 Secula:
332 2787 425 2883 quod
448 2807 540 2858 nunc
563 2785 601 2858 in
627 2789 774 2865 clariore
797 2716 874 2861 litte
896 2787 1052 2860 collocari
1079 2808 1136 2858 um
1160 2783 1222 2860 est,

213 2889 246 2987 i.
273 2883 477 2960 DCLVlll.
508 2883 622 2975 Pergo
658 2906 747 2977 ergo
776 2883 819 2958 ad
847 2882 934 2958 alios
965 2881 1059 2956 castrt
1091 2878 1236 2957 illustres
1267 2884 1370 2983 hujus

136 2984 334 3065 ·Periodi:
375 2995 512 3074 praeter
551 2978 645 3050 hunc
695 2981 788 3052 enim
835 2975 1149 3054 thoracleristicum
1183 2981 1259 3055 alii.
1282 3006 1368 3076 quo·

163 3092 233 3182 que
260 3079 298 3152 in
324 3074 417 3148 hanc
441 3072 629 3147 Periodum
655 3073 816 3149 incidunt
841 3074 1030 3160 notabiles,
1059 3072 1210 3146 maxime
1233 3082 1370 3174 relpec·

162 3202 204 3256 tu
235 3173 387 3250 Pettium
424 3168 692 3245 accidentalium
733 3169 918 3247 Eccleliae.
965 3169 1071 3241 Licet
1112 3167 1205 3242 enim
1249 3175 1370 3252 Cultus

160 3270 337 3351 Ecclesiae
360 3265 518 3362 publicus
541 3267 633 3341 varia
656 3265 897 3362 superstitione
920 3265 986 3340 hac
1010 3259 1162 3338 Periodo
1195 3264 1235 3339 stt
1270 3292 1366 3345 com·

159 3369 371 3452 maculatur,
404 3360 475 3456 ejus
501 3379 617 3435 tamen
643 3384 714 3437 non
740 3380 808 3438 tam
830 3362 918 3452 hic,
977 3382 1053 3435 uam
1086 3359 1123 3432 in
1144 3362 1276 3438 Murali
1300 3369 1374 3440 Eo..

161 3465 286 3543 clefiae
312 3458 515 3533 conditione
541 3457 631 3529 ratio
656 3457 809 3533 habenda
841 3457 914 3546 ell3
946 3384 1093 3550 ie’quo
1127 3479 1211 3533 mox
1246 3484 1344 3572 agam
1357 3485 1376 3542 :·

161 3559 340 3656 Regimen
363 3577 449 3627 vero
471 3551 666 3644 Eccleliae,
700 3554 791 3651 quod
818 3576 957 3652 quoque
982 3573 1120 3648 partem
1155 3554 1378 3651 enennalem,

161 3654 363 3739 constituit,
407 3675 477 3724 non
511 3668 580 3721 tam
614 3673 660 3722 eo
692 3649 839 3724 nomine
873 3651 989 3723 locum
1017 3646 1108 3723 inter
1140 3649 1371 3748 casunhujur¹

160 3749 305 3834 Periodi
328 3747 499 3820 notabiles
526 3762 699 3835 meretur,
731 3745 824 3842 quod
849 3745 1123 3838 Metropolitum
1155 3766 1192 3820 et
1216 3750 1372 3823 Patriam.

157 3855 248 3931 chae
271 3847 338 3918 hoc
361 3842 550 3939 praecipue
575 3861 736 3936 tempore
761 3843 818 3915 vel
843 3843 910 3913 orti
934 3839 1020 3931 sint,
1055 3842 1108 3914 vel
1134 3841 1366 3942 invaluerint,

158 3970 260 4046 quam
284 3943 375 4040 quod
399 3939 565 4031 majorem
591 3936 651 4009 fibi
678 3937 941 4013 vindicaverint
964 3938 1210 4025 autoritatem,
1243 3937 1280 4009 in
1307 3943 1370 4018 Fi.

154 4042 216 4125 aei
242 4036 429 4135 Capitibus,
442 4033 671 4129 definiendis,
696 4036 856 4117 Rinbus:
863 4032 1161 4135 praescribendis,
1187 4049 1227 4109 et
1249 4032 1377 4131 Disci,

207 4137 299 4214 Turn.
325 4133 369 4212 V.
707 4131 846 4209 Vvvv
1278 4133 1372 4232 plina

1424 4384 1458 4538 l
