3146 4458
573 213 691 310 ἄδηλ’
709 217 779 298 lx.
879 279 882 287 r
1211 238 1279 317 351

76 387 122 462 suu
142 411 250 492 tegno
269 388 451 484 incubuit,
473 393 619 493 optram
652 419 793 494 quoque
823 393 946 494 studiis
979 393 1017 470 in
1042 395 1190 472 Oriente
1220 417 1276 470 te·

75 489 227 594 tutandis
260 489 360 566 dedit
391 489 535 582 dandas,
575 494 638 569 sub
660 492 843 572 michaele
883 493 1089 590 Imperatore
1129 515 1159 568 a
1194 499 1286 582 859r

76 581 145 665 Vn.
168 587 317 668 Zuuusat
339 584 377 672 in
394 583 603 680 Michaele5
618 606 656 662 et
678 588 815 685 plenius
838 591 931 684 apud
950 591 1156 672 Cedrenum.
1200 589 1278 662 Hu-

77 678 231 770 notato
254 681 349 770 enim
365 683 511 770 litterae
531 706 594 779 per
620 685 864 779 [operatorum
887 684 1084 760 harbaniern
1115 705 1152 758 et
1174 681 1278 758 insci,

75 775 149 852 tiam
170 777 287 856 multia
309 779 381 872 jam
405 776 518 850 lustris
537 782 719 873 jacuerant
743 781 936 869 obsoletae,
958 801 1000 854 ut
1022 780 1178 876 lopuimr
1193 780 1278 852 Por·

74 873 282 972 phyrogenu.
309 876 347 946 in
369 873 445 946 vita
470 873 679 966 Michaelis,
704 895 743 947 et
770 873 958 950 Cedrenus.
990 877 1112 950 Barda:
1137 892 1278 964 autern,

75 987 107 1040 ut
135 969 267 1044 litteras
301 985 504 1056 revocaret,
544 969 679 1065 singulis
710 967 870 1046 scientiis
904 969 979 1044 suaa
1013 969 1145 1044 scholas
1178 987 1279 1048 certo

77 1061 147 1138 loco
176 1063 364 1151 adtribuit,
404 1061 585 1157 supremae
617 1083 737 1140 autem
768 1065 925 1142 omnium
950 1065 1193 1162 Philosophiae
1231 1065 1275 1140 ad

75 1153 170 1252 ipsam
197 1159 346 1254 Regiam
377 1154 417 1232 in
442 1160 654 1254 magnaura,
679 1177 717 1234 ut
741 1161 1066 1234 Cedrenustradit:
1096 1160 1158 1255 qui
1182 1157 1282 1234 dein·

77 1274 150 1349 cept
173 1253 303 1344 refert,
327 1249 507 1348 postquam
531 1256 575 1327 de
597 1256 721 1330 Leone
744 1255 971 1350 Philosopho‚
1017 1253 1158 1351 ejusque
1178 1253 1281 1327 disci·

77 1349 172 1444 pulis,
211 1350 405 1424 litterarum
437 1366 474 1420 et
496 1347 683 1424 studiorum
707 1345 1009 1432 instauratotibus,
1040 1373 1061 1422 a
1085 1348 1194 1425 Barda
1218 1348 1284 1424 ho·

77 1446 213 1534 noratis,
239 1444 385 1558 egisset,
418 1445 518 1517 bonas
541 1447 672 1520 litterar
694 1444 819 1540 prorsas
845 1463 921 1520 onte
944 1446 1140 1541 enslinlias,
1171 1447 1223 1518 ita
1241 1459 1280 1520 at

77 1563 110 1626 nt
134 1539 298 1637 vestigium
321 1541 441 1634 quidem
463 1560 575 1614 aarum
596 1557 654 1612 out
666 1539 817 1634 scintilla
832 1543 998 1642 castarte,
1022 1541 1281 1636 brentemaris

74 1635 171 1734 falmin
194 1640 240 1710 ad
259 1661 319 1724 ¹mo
342 1655 415 1706 nam
443 1640 568 1708 enonas
583 1633 642 1730 effe
659 1639 871 1714 altitudinem.
922 1641 1106 1714 Praeterea
1123 1658 1187 1734 per
1202 1637 1284 1710 Bar·

79 1738 149 1806 darn
170 1732 259 1808 dicit
283 1753 301 1803 e
333 1728 468 1818 esium,
496 1749 534 1802 ut
557 1731 650 1826 leges
674 1733 918 1823 refloruerint,
951 1755 1030 1810 cum
1053 1756 1172 1809 earum
1197 1753 1283 1834 quo·

80 1850 139 1924 que
160 1828 341 1914 adcurate,
377 1842 574 1930 tempotum
601 1824 712 1914 vitio,
747 1828 967 1910 obsoleviliet
992 1829 1163 1904 mediatio.
1214 1825 1285 1908 Sed

81 1943 115 1997 et
132 1921 222 1998 idem
247 1927 284 1995 in
307 1921 431 2014 Angla
455 1918 633 2013 praestitit,
650 1921 833 2012 alfredus.
857 1923 903 1996 de
927 1947 997 2020 quo
1019 1924 1118 2018 su'pta
1141 1923 1283 2014 monui,

84 2020 135 2114 qui
155 2016 338 2112 collapsam
360 2015 534 2102 Ecclesrae
561 2015 1051 2105 conditionem-reformavit,
1076 2041 1099 2088 o
1147 2041 1185 2092 ra
1206 2015 1286 2096 uiua

83 2135 207 2210 praeter
235 2111 320 2187 aliot
344 2109 568 2202 Grembaldi,
600 2134 622 2184 e
647 2112 758 2186 Gallia
783 2112 944 2204 evocati,
977 2127 1014 2186 et
1039 2111 1071 2187 A
1102 2111 1177 2199 eri,
1210 2111 1285 2190 Au

82 2209 159 2284 batia
183 2203 428 2294 Bancotensrs,
452 2225 481 2278 a.
507 2213 588 2296 884.
643 2207 722 2305 Qua
742 2209 924 2285 oecasrone
945 2203 1168 2284 Academiam
1187 2206 1286 2282 Oto·

83 2303 227 2388 diensem
260 2301 361 2375 tuille
396 2299 592 2391 fundatam,
631 2303 772 2380 tradunt
802 2303 942 2398 quidem
971 2303 1090 2400 paliim
1126 2319 1287 2392 autores,

84 2399 132 2476 sed
151 2399 222 2474 fine
245 2393 355 2471 solido
377 2395 628 2486 fundamento,
651 2415 689 2478 et
713 2397 974 2486 universnatea,
999 2397 1143 2495 proprie
1160 2391 1289 2490 didius,

87 2497 227 2579 nondum
253 2495 369 2568 locum
395 2487 567 2580 habuisse,
607 2513 674 2598 nec
701 2489 761 2568 diu
793 2491 887 2586 poli,
925 2491 1006 2568 satir
1031 2491 1185 2603 'conliat
1219 2491 1320 2566 me·

32 2707 44 2716 -
88 2587 1291 2793 atalantam‚itannltllaatarataram:

90 2802 211 2856 mannua
245 2780 281 2852 in
305 2800 380 2872 ejus
412 2793 484 2847 vata
516 2776 574 2850 lrb.
597 2779 644 2851 11.
692 2780 780 2854 Illud
806 2777 907 2854 ditm
936 2775 1291 2868 addatur,·flotu1ffe

92 2877 185 2950 onnia
205 2875 345 2973 generis
369 2869 607 2945 eruditionem
633 2872 667 2946 in
692 2875 772 2950 Asta
800 2874 1020 2967 Saracenica,
1052 2895 1140 2969 quae
1172 2872 1292 2948 seculo

94 2969 250 3066 superiore
271 2971 344 3068 jam
371 2969 526 3040 revocari
550 2969 675 3064 coepit
698 2993 762 3067 per
788 2974 996 3060 Saracenos,
1031 2969 1119 3044 teste
1141 2967 1291 3042 Elmaci·

99 3086 138 3136 no
157 3068 190 3145 in
210 3067 287 3142 hist.
312 3069 471 3140 saracen.
495 3066 517 3138 l.
544 3063 572 3140 I.
621 3063 687 3138 Cui
719 3068 771 3139 rei
804 3064 969 3160 caliphae
1001 3062 1171 3161 AEgypti
1206 3087 1293 3158 quo·

104 3161 416 3251 memoratarum,
448 3159 566 3232 multis
600 3157 721 3232 scholis
747 3163 783 3234 in
806 3161 986 3260 AEgypto
1018 3161 1156 3237 crealis,
1207 3157 1294 3240 vid,

100 3255 358 3356 contagione
383 3252 563 3351 Antiquit.
587 3253 821 3332 Academicis.
1284 3293 1289 3304 .

409 3444 689 3521 -DOCTRINA
713 3445 783 3522 ET
806 3446 957 3526 FIDES.
1024 3492 1027 3498 ·
1149 3501 1153 3525 r

115 3609 119 3618 “
143 3627 170 3738 ς.
188 3635 437 3730 ,cccxxvrn
468 3634 573 3714 coca
597 3635 794 3722 nonnum
816 3639 993 3721 mennae
1020 3637 1060 3718 an
1083 3657 1215 3736 genere
1234 3659 1301 3718 aa

97 3799 107 3817 .
211 3779 216 3824 ;
642 3735 710 3807 Xx
733 3753 758 3826 4
1166 3733 1309 3830 tandum
