3096 4462
1145 6 1162 9 -.
1186 4 1477 11 -—-...—,.—.—-----

597 195 704 292 Seras.
730 195 776 274 X.
1227 220 1301 298 509

88 387 120 448 rt
139 369 235 450 resert
260 371 447 450 Aimoniai
478 373 512 450 in
543 375 618 452 vita
642 371 817 448 Abbonii.
870 374 976 472 Cujus
1009 375 1174 452 tumultus
1206 399 1289 458 cuni

84 471 277 545 accusaretur
299 474 425 563 Abba,
466 471 516 563 is,
548 475 680 568 scripto
707 471 934 566 apologetico
966 475 1007 546 ad
1033 473 1224 570 Hugoiicm
1248 494 1287 551 ct

83 565 279 659 Robertuin,
303 570 516 646 Francorum
542 587 662 666 teges,
690 567 760 640 sese
786 572 975 664 purgavit,
1003 567 1099 641 simui
1127 571 1283 646 inmuni·

83 679 158 736 tates
180 667 337 739 coenobii
365 665 414 738 sui
439 667 600 740 adseruit.
648 659 767 736 Exstat
800 661 843 736 ad
876 665 1006 738 calcem
1040 667 1156 740 codicis
1186 691 1283 744 cairo·

80 781 144 831 arni
164 759 332 836 Ecclesiae
360 761 541 834 Romanae
566 761 722 836 Pithoei.
774 758 925 834 Romam
947 760 997 834 bis
1019 761 1126 852 adiit,
1161 763 1282 860 priore

80 853 147 927 vice
175 879 203 930 a
226 879 331 948 995„
366 859 407 934 ad
431 855 609 954 privilegia
632 857 683 930 sui
714 851 914 928 monasterii
944 855 1184 950 amplificanda
1217 881 1282 956 per

79 949 256 1046 Juliannem
280 953 363 1027 XV.
388 955 526 1049 Papam.
578 955 635 1025 De
658 975 728 1049 quo
763 950 916 1044 superesi
948 951 1093 1046 epistola
1128 957 1203 1051 ejus
1234 953 1279 1032 ad

78 1049 218 1120 Leonem
242 1047 416 1124 Abbatem
445 1051 479 1124 S.
503 1049 695 1138 Bonifatii,
727 1044 764 1118 in
788 1041 940 1122 Miscell.
966 1049 1094 1121 Baluzii'
1131 1071 1215 1146 rom.
1247 1050 1280 1124 l.

79 1143 128 1214 ubi
158 1143 315 1240 inalenad
353 1145 531 1220 Abbateni
575 1141 780 1218 Fuldensern
819 1137 945 1236 legitur
984 1141 1074 1217 data.
1125 1147 1164 1218 ln
1210 1145 1276 1240 qu'a

77 1235 204 1333 epistola
226 1241 323 1316 inter
355 1239 421 1314 alia
451 1240 560 1329 dicit,
595 1240 793 1334 Jolianueni
825 1235 952 1328 Papam
987 1238 1085 1312 suill'e
1120 1263 1160 1312 ea
1193 1241 1281 1325 sede,

74 1333 258 1432 indignum,
293 1334 401 1432 turpis
424 1335 509 1410 lucri
534 1330 723 1430 cupidum,
755 1327 855 1406 etin
889 1331 1050 1406 omnibus
1080 1333 1277 1410 aclionibur

74 1435 227 1506 venalem.
275 1431 395 1505 Altera
420 1431 500 1505 vice
524 1433 672 1504 Romam
703 1428 811 1525 petiit
841 1449 870 1500 a.
896 1437 1001 1520 998.,
1034 1453 1180 1527 propter
1204 1433 1273 1504 Ar·

72 1528 239 1622 uulphuni.
269 1527 459 1600 Rliernens.
485 1525 816 1622 Archiepiscopuni,
840 1521 967 1620 injuste
992 1527 1208 1624 depositum,
1232 1522 1273 1602 'u't
1327 1527 1329 1534 ’

70 1618 164 1717 Papae
191 1619 359 1718 Gregorii
389 1621 617 1717 patrocinium
643 1640 855 1716 inpetraret,
882 1645 926 1694 eu
951 1643 1029 1696 curii
1054 1623 1205 1714 effeclu,
1232 1643 1272 1700 ur

69 1719 253 1816 Arnulplius
283 1718 390 1791 fuerit
423 1717 610 1797 restitutus.
661 1717 744 1794 Vid.
778 1715 965 1790 Aimonius
1004 1717 1039 1794 in
1075 1719 1148 1816 ejus
1184 1721 1271 1799 vita.

70 1813 226 1914 Denique
241 1817 286 1888 ad
314 1813 490 1887 Vascones
516 1811 714 1910 prosedlus,
742 1831 778 1886 ut
796 1811 1084 1889 monasteriorum
1101 1841 1156 1890 res
1174 1819 1268 1894 ordi·

69 1929 172 2001 narei,
203 1909 416 1986 interfectus
440 1907 489 1981 est
513 1915 554 1983 ab
581 1912 666 1996 illis,
709 1909 872 1983 suscitato
907 1912 1057 1984 tumultu
1089 1935 1119 1987 a.
1157 1937 1267 2009 ¹004·

26 2019 28 2028 “
67 2009 207 2081 etinter
232 2009 413 2102 Martyres
439 2007 575 2080 relatus.
624 2007 680 2077 De
711 2027 781 2100 quo
814 1999 928 2076 exstat
958 2003 1103 2100 epistola
1138 2009 1268 2086 Mona·

68 2099 196 2177 chorum
222 2099 489 2177 Floriaceiifium
522 2107 559 2177 in
594 2099 784 2174 Miscellan.
818 2097 948 2173 Baluzii
986 2121 1056 2172 torn
1088 2105 1117 2177 l.
1165 2105 1266 2180 Reii,

67 2199 148 2290 quit,
174 2219 317 2296 praeter
340 2195 528 2292 epistolas,
544 2219 581 2271 et
613 2199 676 2270 alia
695 2195 874 2294 opuscula,
901 2193 1081 2292 epitomen
1111 2203 1148 2271 de
1182 2207 1263 2277 vitis

62 2291 257 2390 Pontificum,
285 2317 328 2367 eir
354 2291 529 2390 Anastasio
552 2319 571 2367 a
594 2293 742 2366 Musaeo
766 2291 914 2380 editam,
940 2315 1006 2368 nec
1033 2315 1102 2368 non
1122 2297 1261 2370 coli'esli‘·

61 2412 134 2464 rien
151 2414 307 2468 canonum
326 2391 362 2464 in
387 2389 564 2464 Analeslis
586 2387 808 2478 Mabillonii3
833 2389 924 2462 unde
940 2387 1034 2462 inter
1055 2389 1118 2464 alia
1139 2411 1261 2489 patet,

61 2506 118 2580 quo
145 2480 309 2562 instato
348 2506 431 2558 tunc
469 2485 575 2561 fuerit
613 2487 721 2582 Resp.
762 2485 932 2560 Francica.
983 2485 1120 2560 Notati
1154 2488 1263 2567 etiam

60 2580 187 2678 dignuin
205 2583 279 2673 est,
305 2581 416 2678 ipsum
437 2605 479 2655 eo
496 2582 531 2656 in
548 2606 656 2680 opere
681 2579 764 2656 nihil
782 2606 825 2658 eir
850 2579 1070 2677 supposititiis
1092 2583 1261 2678 Paparuni

60 2678 214 2772 epistolis,
248 2682 335 2754 licet
349 2679 420 2774 jain
439 2698 523 2753 tunc
540 2701 644 2752 coeca
668 2678 835 2773 religione
861 2679 1029 2770 admillis,
1061 2681 1263 2782 addumllea

58 2776 135 2868 quod
156 2779 201 2852 de
221 2776 361 2874 judicio
385 2795 421 2848 et
446 2775 642 2848 eruditione
667 2775 740 2874 ejus
764 2773 916 2848 teslatur.
1408 2833 1411 2840 .

80 2873 121 2968 l.
145 2871 420 2946 CCCCLXXV.
446 2869 654 2958 liisloricis,
679 2873 823 2965 adponi
843 2892 970 2964 pergo,
998 2871 1145 2965 palmam
1161 2899 1259 2971 prae·

57 2963 146 3060 ripuit
176 2969 422 3064 Luitprantlus,
459 2967 607 3058 primum
637 2965 840 3040 Tucinensis
865 2963 1038 3038 Ecclesiae
1056 2965 1256 3064 Diaconus,

58 3083 126 3138 mox
150 3063 395 3138 Cremonensis
419 3061 628 3158 Episcopus,
668 3063 795 3134 duabus
820 3063 1046 3156 legationibus
1079 3069 1120 3138 ud
1152 3071 1258 3166 lupe.

55 3177 194 3234 tutorem
234 3160 445 3233 Graecorum
478 3159 680 3255 praeclarus.
723 3155 885 3256 Quarum
916 3157 1012 3250 prior
1046 3159 1135 3250 suit,
1176 3188 1257 3246 cuni

55 3253 153 3327 adhuc
182 3253 363 3328 Diaconus
387 3252 472 3328 esset
494 3257 555 3328 sub
577 3257 810 3348 Berengario‚
842 3253 957 3326 ltaliae
982 3255 1084 3351 Rege
1109 3281 1138 3332 a.
1173 3273 1258 3356 946,
1313 3316 1319 3332 .

54 3348 383 3440 adConstantinum,
416 3347 594 3425 amicitiae
610 3349 797 3423 firmandae
819 3371 916 3442 ergo.
959 3349 1036 3449 Qua
1061 3351 1256 3440 honorifice

54 3441 189 3535 suuilur,
219 3464 258 3518 et
273 3447 412 3520 domurn
430 3445 563 3532 redux,
589 3443 801 3541 Episcopatu
818 3447 964 3519 donatus
981 3447 1041 3522 est.
1090 3451 1157 3520 Sed
1181 3455 1259 3550 pos·

54 3554 99 3611 tea
127 3540 165 3614 in
199 3542 322 3617 odium
355 3542 555 3638 Berengarii
589 3541 776 3640 incidens,
809 3552 858 3614 ‘et
890 3541 969 3616 sede
1008 3545 1182 3638 expulsus,
1219 3553 1258 3626 in

53 3633 267 3714 Germaniam
289 3641 325 3716 sc
346 3637 517 3732 contulit,
548 3637 667 3807 ibisqss
694 3637 870 3716 historiam
898 3637 950 3722 sii'i
976 3639 1261 3814 temporisdcon.

678 3753 700 3828 3
789 3817 801 3846 ,
1179 3737 1268 3838 sdls,
