3104 4814
678 641 785 721 secu
809 646 895 725 VII.
1347 668 1396 743 97

174 820 282 927 seriem
305 838 512 929 murorum,
554 817 613 895 vel
637 816 791 916 lapidum
814 821 853 896 in
877 844 945 915 eo,
984 820 1135 923 indeque
1159 820 1308 923 quodvis
1331 844 1394 899 ex·

170 918 285 995 celsum
300 916 524 1007 aedificium,
555 934 594 989 et
609 912 760 1013 figurate
777 919 972 1010 honorem,
995 919 1231 1017 dignitatem,
1258 941 1300 994 ac
1325 941 1390 994 no·

169 1019 343 1093 lilitatem.
393 1013 476 1113 Quo
500 1010 646 1086 nomine
670 1034 751 1087 cum
782 1012 950 1090 Alcorani
982 1018 1100 1112 capita
1131 1014 1389 1112 inligniuntur,

169 1115 217 1187 tel
239 1110 352 1185 series
374 1130 415 1182 et
439 1112 530 1181 ordo
556 1105 635 1180 libri
659 1107 891 1207 fignificatur,
912 1129 1086 1208 quatenus
1112 1133 1159 1187 ex
1184 1109 1289 1186 variis
1312 1113 1389 1188 sec·

168 1208 336 1295 tionibus,
363 1205 477 1279 Hebr.
502 1201 676 1297 ΒἹἯΟΙ
698 1204 853 1295 constat,
879 1213 933 1280 vel
958 1207 1143 1303 magnilica
1169 1206 1245 1305 ejus
1269 1230 1311 1283 ac
1328 1229 1389 1281 ea·

112 1384 114 1401 ¹
167 1306 244 1379 celsa
271 1298 470 1375 struiiura:
503 1322 549 1374 ue
572 1327 638 1399 qua
666 1301 795 1395 ubique
817 1300 986 1399 gloriatur
1010 1302 1257 1378 Muhammed.
1305 1303 1386 1377 Dis·

112 1414 114 1481 l
167 1416 353 1475 cernuntur
368 1418 553 1493 praeterea
571 1402 711 1471 Suratae
734 1398 850 1494 aliquo
876 1399 1044 1490 nomine,
1079 1401 1137 1475 vel
1163 1397 1286 1487 titulo,
1320 1396 1387 1472 fin·

112 1486 114 1591 ξ
204 1496 247 1570 lie
279 1494 456 1589 proprio,
496 1493 552 1566 vel
594 1514 613 1564 a
653 1493 766 1588 prima
807 1494 948 1579 Surntae
984 1516 1097 1584 voce,
1138 1511 1178 1569 ut
1208 1492 1388 1582 xxxvl,

166 1520 358 1679 {nlillVlL
375 1588 460 1678 LV,
476 1590 588 1663 LXX.
613 1606 703 1677 ete,
728 1589 786 1663 vel
802 1615 822 1663 a
837 1590 1024 1686 principali
1038 1609 1266 1684 argumento,
1314 1589 1387 1665 uod

168 1686 348 1773 metatur,
384 1683 437 1758 uti
466 1687 511 1760 ll.
543 1682 635 1759 uitta
665 1709 788 1775 vacca,
821 1684 901 1780 quia
932 1686 977 1758 de
1001 1706 1108 1759 vacca
1132 1682 1229 1777 rufa,
1312 1708 1400 1771 um„

171 1784 266 1867 XlX.
303 1780 359 1854 ibi
392 1780 531 1875 agitur,
570 1800 608 1852 et
639 1779 723 1854 aliae
762 1780 979 1877 adpellantur
1009 1778 1190 1869 Amrami,
1229 1776 1388 1872 Heberi,

112 1934 114 1975 ÷
169 1877 378 1965 normanni,
404 1877 539 1970 Jonae,
560 1875 701 1949 Mariae
717 1897 787 1951 ete.
838 1876 891 1951 lta
908 1898 1053 1973 ¹quoque
1071 1879 1196 1953 Surata
1211 1875 1274 1951 IX.
1292 1872 1383 1948 dici·

112 2038 114 2043 .
169 1998 220 2052 rur
237 1974 468 2071 poenitentia,
492 1970 572 2067 quia
596 1968 752 2045 hostibus
774 1972 1040 2047 Multammedis
1068 1972 1105 2047 iu
1143 1995 1185 2047 ea
1220 1968 1387 2045 concedi·

112 2058 114 2139 ³
166 2091 303 2243 tet
321 2072 591 2239 {tratti
611 2067 971 2238 art‘ttdtlttl
988 2066 1388 2241 tornella

169 2196 226 2349 liei
247 2192 454 2356 nissrotoris
486 2187 720 2350 miscriiordis,
755 2278 795 2332 ut
818 2256 962 2355 Judaeit'
983 2258 1021 2334 in
1048 2261 1107 2334 usu
1132 2219 1183 2335 eit
1203 2254 1245 2347 Ni
1267 2238 1387 2354 Dii}

167 2382 350 2454 innomine
383 2376 553 2469 Jeltovoe:
591 2397 691 2471 quarn
725 2372 909 2448 formulam
945 2378 1048 2450 coelo
1085 2375 1154 2450 elie
1192 2364 1419 2475 delapsams

168 2480 311 2555 credunt
337 2471 640 2547 Multammedani.
691 2470 855 2568 Denique
883 2471 970 2547 aliae
1001 2474 1142 2546 Suratae
1170 2472 1244 2549 sunt
1280 2479 1386 2549 Mec-

167 2574 301 2656 censet‚
330 2567 677 2656 aliaeMedinenses,
710 2590 729 2640 a
752 2566 851 2656 loco,
876 2567 937 2642 ubi
962 2567 1176 2664 compositae
1202 2570 1300 2662 sunt,
1334 2571 1382 2647 stc
1418 2626 1421 2633 ψ

165 2668 429 2752 denominatae,
464 2665 519 2736 vel
542 2665 713 2737 revelatae
735 2662 989 2739 Muhammedi.
1041 2669 1207 2740 Ceterum
1235 2667 1383 2764 singulae

164 2770 322 2854 Sontas,
357 2782 542 2858 earumque
570 2758 689 2832 titulos
715 2776 754 2831 et
779 2759 983 2851 materiam,
1022 2781 1182 2834 necnon
1206 2762 1383 2838 diversum

163 2887 282 2939 earum
309 2856 455 2934 lectioni
488 2853 716 2930 constiturum
744 2852 956 2951 praemium,
991 2854 1137 2928 exhibet
1171 2857 1382 2956 Hottingert

164 2960 250 3035 Bibl.
278 2958 418 3029 Orient.
444 2952 465 3026 l.
492 2952 558 3025 lli.
592 2948 639 3047 pi
662 2951 711 3022 11.
762 2951 831 3023 Sed
874 2948 1025 3046 singulae
1058 2953 1200 3024 Suratae
1234 2956 1313 3029 sunt
1345 2957 1382 3031 io

160 3052 273 3151 regius
290 3048 494 3139 distinelae,
512 3045 612 3120 valde
627 3044 871 3140 inaequaliter,
896 3045 981 3121 dum
998 3045 1083 3120 aliae
1109 3049 1196 3122 ultra
1214 3070 1380 3146 centum,

163 3156 270 3228 eri-am
297 3151 489 3232 ducentos,
520 3140 605 3215 aliae
629 3141 692 3214 vix
725 3157 795 3212 tres
818 3141 1060 3239 vel'quatuor
1094 3143 1258 3221 habeant.
1306 3149 1383 3224 Ad·

159 3250 338 3346 pellantur
362 3242 487 3337 Ajaton
514 3239 610 3311 Heb.
635 3236 789 3331 mm&
813 3234 938 3330 figna,
971 3237 1062 3335 quafi
1089 3239 1241 3315 totidem
1268 3240 1382 3320 elient

157 3344 352 3421 miracula:
384 3338 541 3432 adeoque
564 3338 788 3411 reverentiae
820 3333 961 3432 majoris
991 3330 1104 3410 catulla
1137 3336 1220 3411 illud
1253 3360 1384 3419 nornen

200 3464 223 3515 c
271 3453 390 3511 erunt.

155 3462 494 3633 {cffLXXXVlL
518 3528 754 3617 Alcmenam,
778 3544 817 3601 ut
840 3527 884 3603 de
900 3526 1001 3625 stilo,
1033 3527 1076 3602 ad
1101 3527 1248 3606 formam
1271 3534 1382 3610 etiam

161 3630 381 3711 exteriorem
407 3626 623 3721 pertinente,
655 3624 781 3719 aliquid
804 3646 984 3715 moneam,
1016 3622 1133 3721 lingua
1157 3626 1310 3704 Arabica
1331 3627 1386 3705 es·

157 3735 200 3808 se
222 3727 486 3817 conscriptum,
519 3742 587 3793 nec
604 3718 676 3792 line
710 3716 925 3814 eloquentia,
960 3743 1041 3795 cum
1067 3721 1217 3816 purioris
1241 3726 1383 3820 linguae

156 3828 282 3904 cultus
307 3820 397 3894 ellet
421 3840 527 3913 penes
557 3812 815 3904 Koreischitas,
846 3815 986 3913 dequo
1011 3817 1087 3892 vid.
1110 3819 1252 3897 Pococlr
1284 3823 1384 3898 Mor.

157 3925 274 4001 Arab.
311 3936 479 4014 p.152.,
510 3930 569 3984 aut
595 3908 826 4001 sublimitate,
859 3908 953 3986 inter
974 3913 1115 4012 linguae
1137 3916 1270 4011 peritos
1300 3915 1387 3991 satia

154 4017 313 4101 constat.
364 4012 502 4085 Interea
527 4003 622 4081 stilus
642 4008 733 4081 adeo
756 4003 808 4079 est
832 4009 1017 4107 abruptus,
1055 4029 1094 4085 et
1125 4010 1307 4102 obscurus,
1346 4023 1391 4085 ut

158 4117 233 4195 fine
260 4104 531 4186 commentariis
554 4100 708 4203 intelligi
738 4099 803 4177 vix
829 4124 946 4207 queat.
996 4102 1059 4186 Est
1082 4125 1267 4205 praeterea
1289 4104 1391 4200 ryth·
1533 4162 1545 4175 ,1

210 4209 309 4289 Tum.
336 4202 381 4281 V·
763 4196 806 4277 N
882 4308 889 4315 ⁹
1262 4197 1395 4297 micum
