3104 4814
151 606 223 701 ida
306 656 312 671 ·
536 609 689 714 ffistoria
707 610 838 714 Ettlts.
863 610 980 718 Clrill.

157 814 245 901 quse
267 791 380 870 exstat
400 788 438 868 in
465 791 502 867 0
527 809 576 867 et.
600 794 675 888 ejus
697 812 740 868 eir
764 790 924 868 editione
947 796 1000 868 Le
1026 788 1146 899 Quin,
1171 797 1386 897 consbripta'

156 893 208 968 est
234 892 456 991 aJolianne,
483 812 807 985 llierosolymitano
822 891 1042 982 Patrisrcha,
1068 893 1130 966 -l'ed
1144 915 1218 969 non
1232 894 1375 971 line'sn·

157 989 269 1076 bulis,
295 987 353 1083 qni
378 982 564 1082 postremis
586 984 791 1083 Nicepnoii
817 987 958 1069 Pbocre
983 989 1204 1085 temporibus
1221 990 1379 1067 refertur

156 1083 261 1159 covus
294 1106 313 1156 a
346 1081 525 1156 Saracenis
564 1080 783 1170 combolbus,
830 1083 923 1177 qnod
946 1104 1027 1159 eunt
1049 1101 1209 1159 autorem
1241 1088 1381 1165 lubrie·¹

138 1178 233 1254 ¹rint
256 1178 396 1252 suturae
429 1174 616 1255 incisionis
637 1176 838 1273 Nicephori
863 1178 900 1251 in
921 1200 1069 1275 regnum
1095 1180 1206 1256 surim.

168 1273 236 1373 ¹5.
262 1274 332 1350 CL.
375 1274 473 1346 Inter
506 1293 613 1371 opera
635 1273 738 1367 ejus,
780 1296 867 1371 quae
900 1275 1085 1349 novissime
1115 1298 1195 1351 cum
1226 1274 1376 1355 eruditis

156 1368 486 1457 Dissertationibus,
511 1386 550 1440 et
576 1368 706 1456 Notis,
733 1367 826 1442 edita
858 1367 936 1441 sunt
966 1394 986 1443 a
1015 1372 1066 1444 Le
1088 1372 1205 1473 Quin,
1237 1376 1375 1451 ordinis

155 1466 195 1542 F.
229 1464 269 1540 F.
289 1463 594 1554 Praedicatorum,
633 1465 790 1538 eminent
825 1462 924 1537 Libri
956 1487 1101 1560 quatuor
1132 1469 1176 1540 de
1197 1467 1270 1564 fids
1303 1474 1371 1544 Or·

157 1562 318 1654 tlrotloxn,
338 1561 377 1634 de
401 1557 617 1652 Honestius,
642 1576 674 1634 et
690 1561 881 1652 Parnllela,
904 1582 1051 1657 quorurn
1071 1562 1269 1671 primi-sunt
1283 1569 1373 1663 dog·

155 1655 299 1748 manci,
338 1652 480 1731 secundi
511 1656 652 1753 generis
684 1655 868 1748 historici,
917 1674 955 1728 et
990 1658 1086 1732 tertii
1119 1663 1277 1745 morales.
1324 1666 1370 1738 ln

157 1752 254 1831 libris
278 1753 322 1826 de
338 1753 407 1849 fids
435 1754 620 1849 praecipua
650 1750 831 1826 dosirinae
860 1750 1071 1827 Christianae
1106 1756 1219 1857 capita
1242 1757 1371 1833 tradiit

158 1846 362 1927 scholastice
387 1864 424 1920 et
440 1843 680 1943 systematice,
709 1871 739 1922 1.
765 1848 811 1921 de
829 1848 932 1936 Deo,
958 1845 1159 1939 Trinitaie,
1182 1871 1220 1923 et
1238 1853 1372 1929 vicinis

155 1943 309 2021 materiis
335 1962 365 2013 s.
391 1940 437 2014 de
462 1943 634 2016 creaturis
657 1963 694 2015 et
717 1944 844 2017 creatis
868 1964 900 2038 3.
924 1943 969 2015 de
993 1944 1238 2020 lncarnatione
1255 1950 1372 2025 Cbtis·

155 2042 219 2132 ti,
245 2040 283 2112 in
309 2036 429 2131 primis
453 2035 497 2109 de
522 2034 651 2113 duabus
676 2039 714 2113 in
745 2039 824 2134 lpso
856 2037 1006 2127 naturis,
1047 2059 1085 2114 et
1114 2040 1372 2138 quaestionibus

154 2156 201 2212 eo
254 2131 504 2220 ertinentibus,
535 2155 570 2223 4.
596 2135 640 2207 de
672 2133 911 2215 sacramentis,
931 2188 935 2194 -
954 2136 1049 2209 cultu
1080 2154 1118 2208 et
1141 2137 1267 2214 ritibus
1287 2140 1371 2215 reli·

104 2284 107 2290 -
153 2233 265 2345 ginis.
317 2227 405 2299 Sunt
431 2227 477 2300 hi·
492 2227 571 2301 iibri
595 2230 637 2303 ad
663 2230 846 2326 praecipua
864 2227 946 2302 fidei
971 2229 1151 2327 dogmata,
1178 2256 1265 2344 quae
1280 2254 1377 2313 tunc.

153 2324 353 2411 incensum
379 2341 571 2413 venerunt,
597 2325 860 2423 cognoscenda,
886 2326 1038 2398 summae
1063 2326 1242 2421 utilitatis,
1267 2353 1304 2406 et
1322 2334 1369 2409 ad

90 2428 94 2436 “
155 2422 342 2525 opiniones
368 2419 543 2495 Veterum
566 2419 818 2519 intelligendas.
868 2420 1044 2517 singulare
1059 2446 1145 2496 vero
1171 2424 1245 2516 est,
1269 2428 1368 2524 quod

154 2516 201 2599 de
225 2514 462 2592 satisfactione
487 2514 634 2606 Christi,
658 2517 787 2615 gratia,
814 2515 1093 2597 bonis-foederis
1119 2519 1267 2614 gratiae,
1293 2525 1368 2598 Oe·

153 2612 328 2692 conomiis
358 2609 561 2701 foederum,
600 2631 638 2684 et
665 2609 1001 2708 praedestinatione,
1040 2636 1158 2709 patum
1189 2619 1246 2691 vel
1279 2619 1368 2695 niliil

153 2712 195 2790 iii
220 2709 286 2786 illis
313 2707 520 2804 reperiatur.
572 2707 760 2795 Paralleln,
802 2706 838 2779 iri
863 2705 988 2802 quibus
1009 2708 1053 2782 de
1074 2712 1176 2783 rebus
1199 2711 1365 2809 Divinis,

154 2809 382 2884 humanarum
403 2824 519 2876 terum
536 2800 645 2895 statu,
671 2802 856 2880 virtutibus
871 2802 1045 2893 ervitiis,
1073 2806 1260 2900 disseritur,
1275 2833 1363 2887 coti·
1405 2812 1409 2817 ’

153 2922 256 2985 texta
272 2906 355 2975 sunt
379 2920 425 2971 ex
448 2896 572 2995 Script.
597 2902 631 2975 S.
655 2901 761 2990 locis,
795 2917 832 2972 et
858 2898 994 2973 Patrum
1030 2899 1268 2993 testimoniis,
1304 2908 1369 2985 vel.

154 2992 373 3083 eonomine
400 2992 521 3082 utilia,
547 2995 642 3088 quod
668 2996 830 3070 nonnulla
858 2995 1029 3068 Veterum
1054 3004 1279 3073 monuments
1297 3003 1370 3081 liic

150 3098 290 3170 tantum
312 3085 379 3158 sint
402 3087 618 3163 conservata.
669 3089 813 3183 Seripflt
837 3108 1017 3183 praeterea
1039 3091 1166 3165 scholia
1192 3097 1234 3168 in·
1262 3097 1364 3192 Epis·

152 3188 241 3265 solas
263 3182 381 3272 Pauli,
411 3179 471 3256 sed
496 3202 583 3280 quae
608 3183 696 3259 nihil
724 3185 799 3258 sere
822 3203 962 3283 praeter
985 3187 1164 3280 epitomen
1199 3191 1370 3290 chrysos·

151 3279 243 3362 toni
268 3277 474 3371 continent,
497 3277 560 3354 nisi
579 3279 672 3377 quod
692 3279 930 3367 Theodoreti,
948 3300 983 3353 et
1000 3282 1117 3378 cyrilli
1133 3286 1255 3377 Alen,
1279 3287 1368 3369 seii,

148 3376 211 3461 nin
231 3374 375 3453 subinde
400 3373 653 3473 compilaverit.
703 3377 760 3451 De
788 3375 980 3448 haeresibus
1003 3378 1174 3476 denique,
1211 3404 1250 3459 et
1268 3409 1367 3463 eon.

151 3492 209 3556 tra
237 3496 316 3563 eas,
342 3487 379 3544 ut
395 3470 985 3562 Monothelit.,·Manichaeotttni,
1010 3490 1047 3545 et
1063 3479 1233 3570 oliorum,
1256 3486 1368 3561 multa

147 3567 297 3667 scripsit.
323 3567 512 3642 ¹Ceterum
540 3566 738 3662 Johannes,
765 3566 918 3643 criticae
946 3566 1108 3664 ignaros,
1134 3572 1215 3648 salsa
1228 3596 1269 3652 et
1283 3602 1369 3656 vera

147 3666 268 3750 fecum
293 3660 518 3761 permiscuit,
552 3663 713 3739 sabulofis
741 3661 1014 3755 narrationibus,
1038 3686 1077 3742 et
1100 3669 1229 3766 spuriis
1242 3664 1367 3774 operi·

148 3766 234 3855 but,
273 3755 383 3834 facilis
413 3758 595 3850 credidit,
642 3762 736 3860 quod
774 3779 891 3835 tamen
923 3781 1002 3835 cum
1043 3762 1160 3839 multis
1191 3766 1372 3850 Veterum

145 3858 272 3945 habuit
292 3874 490 3930 commune.
542 3859 725 3949 Praeterea
751 3856 849 3929 tricis
874 3854 1065 3933 dialeciicis
1092 3859 1240 3939 nimium
1256 3868 1374 3948 indul*

146 3957 210 4053 fit,
233 3973 271 4030 et
295 3947 476 4036 subtilibus
499 3951 568 4025 suis
584 3949 893 4040 distindiionibus,
919 3950 1168 4050 divisionibus,
1193 3981 1232 4035 et
1247 3965 1377 4044 defini·

146 4052 335 4145 lionibtm
366 4041 461 4131 vinm
488 4045 799 4146 ad-Tbeolbginm
824 4045 1065 4138 scholastkaiii
1089 4050 1260 4159 stitivit,⁸
1286 4062 1379 4159 telle

152 4148 240 4226 'ofili
748 4180 782 4205 ,,.
1156 4154 1192 4221 (ἒ
1240 4158 1384 4249 wem-⁴
