3078 4462
403 274 409 286 ,
561 191 666 278 ruo.
692 199 761 280 IX.
1194 229 1266 308 423

75 396 109 450 ro
130 369 203 450 sedin
223 373 368 454 honore.
421 375 521 475 Quae
544 377 724 476 antiquior
749 375 801 453 est
817 375 1020 472 distinctio,
1046 399 1087 460 ot
1103 383 1263 462 Baluziua

71 472 168 545 iunot.
186 476 318 566 probat.
367 474 459 570 Papa
475 475 630 572 regerit,
656 494 803 572 propter
822 477 937 552 sedem
956 478 1065 556 etiarn
1082 479 1263 558 sedentem

69 565 123 640 effe
141 567 390 656 honorandum,
423 591 489 642 nec
521 571 637 644 vaiere
669 595 747 644 eam
779 569 1061 666 diffinitionem,
1094 576 1156 653 ubi
1189 580 1263 654 cri·

67 685 130 736 nen
165 663 266 738 deest.
319 667 392 740 Hic
426 665 595 760 addatur,
637 667 823 740 Ludovico
862 671 1118 764 poenitentiam
1158 671 1261 750 fuiffe

66 761 98 832 ab
126 757 295 855 Episcopie
326 759 514 848 indidam,
555 781 592 836 et
617 765 661 835 ab
684 763 758 838 aliie
786 761 955 853 solutam,
988 791 1031 841 ac
1060 789 1081 844 a
1115 769 1261 864 Synodo

65 854 297 945 confirmatam,
332 877 376 930 ne
397 857 554 932 consulto
578 858 718 955 quidem
741 859 860 955 Papa:
892 859 1080 936 manifesto
1102 861 1262 958 indicio,

64 951 258 1028 autoritatem
282 956 397 1048 Papae
419 952 583 1028 incausto
606 951 854 1029 Ecclefiaiiicis
886 956 1091 1053 Principum
1122 957 1262 1058 semper

64 1063 120 1118 nou
138 1045 233 1123 tuine
256 1048 474 1144 requisitam,
502 1046 585 1122 iicet
603 1049 727 1148 paffim
752 1049 880 1140 fuerit,
915 1071 954 1124 ut
977 1054 1176 1150 exemplum
1206 1053 1261 1136 est

65 1143 93 1213 in
120 1143 254 1237 Judidra
282 1143 456 1242 Augusta,
491 1163 576 1240 quae
607 1169 626 1218 a
658 1143 879 1241 poenitentia
911 1145 963 1220 est
1002 1151 1152 1225 absoluta
1191 1175 1261 1248 per

65 1235 269 1336 Gregorium,
292 1261 329 1314 et
350 1239 436 1320 aiios
456 1239 681 1336 Episcopor,
717 1239 803 1315 teste
829 1241 1016 1338 Thegano.
1065 1246 1257 1340 Ceterum,

64 1335 171 1426 qualem
202 1357 241 1410 et
271 1357 432 1433 quantam
465 1333 675 1431 potestatem
709 1333 771 1412 sabi
807 1334 844 1411 in
876 1345 981 1412 rebus
1011 1338 1259 1420 Ecciefiasticir

63 1425 117 1522 jan
138 1430 217 1505 adro
243 1433 356 1508 averit
379 1435 494 1530 Papa,
511 1431 676 1506 elucescit
704 1455 749 1506 ex
771 1432 924 1528 Epistola
948 1433 1022 1531 ejus
1050 1436 1094 1509 ad
1127 1439 1260 1514 univer.-

60 1522 207 1622 suscuepi
224 1548 315 1624 cupos
340 1551 404 1621 per
435 1527 606 1618 Galliam,
639 1526 880 1620 Germaniam,
904 1545 950 1604 et
982 1529 1156 1608 universas
1179 1555 1262 1630 pro·

65 1619 192 1714 vinciae,
217 1624 255 1699 in
279 1622 382 1698 tomis
398 1622 548 1712 concil.‚
573 1642 609 1696 et
628 1624 718 1718 apud
734 1627 921 1700 Batonium
944 1649 975 1702 a.
994 1635 1078 1724 839.
1125 1631 1167 1704 In
1190 1651 1258 1728 qua

61 1713 132 1790 suan
155 1718 267 1795 sedem
292 1723 446 1817 adpeiiat
476 1721 614 1794 emnium
648 1721 844 1817 reliquarum
877 1737 998 1817 caput,
1032 1744 1071 1802 et
1101 1725 1146 1803 ad
1177 1749 1257 1804 eam

63 1832 163 1889 oroneo
187 1817 337 1912 majores
360 1819 474 1892 causae
506 1815 575 1890 effe
605 1814 823 1906 referendae,
857 1835 895 1892 et
925 1817 1172 1914 adpellationee
1199 1825 1257 1900 in·

64 1903 244 2001 stituendas,
278 1911 485 1988 contendit:
520 1911 595 1984 imo
620 1911 714 1984 inter
735 1913 802 1986 aiia
825 1911 940 2001 addit,
974 1914 1096 1991 nullom
1123 1919 1256 1998 dubim

64 2000 126 2096 dfe,
153 2013 228 2102 quod
253 2033 316 2082 non
329 2008 437 2106 julum
463 2009 669 2104 Pontificalis
694 2005 862 2100 causatio,
893 2005 959 2102 sed
988 2013 1090 2082 omnis
1114 2011 1257 2104 suadae

62 2100 199 2196 religionis
219 2107 357 2193 telonio,
383 2107 427 2178 ad
438 2101 549 2201 sedem
565 2101 799 2199 Apostolum,
826 2101 917 2197 quast
931 2104 976 2174 od
990 2118 1088 2196 caput
1112 2105 1259 2196 Ecclest·

62 2216 153 2292 orum,
173 2201 264 2276 debet
284 2198 404 2290 referri
414 2257 424 2290 ,
447 2221 477 2274 er
495 2203 567 2274 inde
585 2221 726 2272 normam
734 2197 884 2294 sumere,
903 2200 985 2273 unde
993 2196 1112 2294 sumfie
1130 2204 1259 2274 exordi-

64 2307 102 2366 um
123 2314 184 2368 ete.
232 2295 397 2373 Cointius
420 2297 457 2370 in
483 2296 606 2370 Annal.
631 2295 763 2369 Eccles.
790 2297 913 2370 Frane.
949 2295 1129 2389 epistolam
1163 2296 1256 2374 hano

63 2405 112 2478 pro
132 2391 237 2484 spuria
269 2391 415 2490 quidem
457 2392 585 2478 habet,
617 2407 740 2462 contra
772 2408 995 2479 communem
1027 2388 1258 2489 opinionem,

62 2499 111 2556 nec
132 2485 234 2564 solido
261 2487 493 2562 fundamento
517 2487 628 2562 nixus.
1058 2511 1062 2518 ’
1145 2503 1147 2508 “

95 2577 121 2678 i.
142 2583 344 2660 cccch.
376 2585 512 2679 Sergius
525 2585 596 2672 11.,
628 2603 733 2680 quem
757 2581 914 2658 nonnulii
933 2604 1014 2659 cum
1034 2580 1163 2660 Plotina
1187 2583 1257 2662 fai·

60 2671 89 2746 su
119 2680 248 2756 tradunt
289 2697 394 2754 antea
433 2703 468 2752 os
502 2682 595 2774 porci
632 2678 839 2775 adpellatum
881 2676 1013 2769 fuiffe,
1052 2699 1090 2754 et
1121 2701 1254 2760 nomen

59 2765 132 2844 suum
152 2773 311 2864 mutass'e,
336 2773 487 2873 indeque
511 2796 646 2848 morem
663 2773 814 2850 nominis
839 2775 994 2850 mutandi
1020 2771 1090 2849 ess'e
1113 2795 1255 2885 ortum,

63 2885 124 2940 cun
143 2867 171 2946 ia
191 2871 301 2947 fuerit
327 2871 469 2969 Sergius
494 2871 584 2962 lV.,
618 2888 655 2943 et
679 2871 812 2967 primur
833 2871 1122 2946 consuetudinem
1155 2873 1252 2951 uliam

61 2953 452 3064 introduxeritJohannee
469 2967 570 3055 xri,
588 2985 636 3039 ·ut
661 2967 822 3042 observat
849 2964 1054 3062 Onuphriue
1079 2964 1123 3040 ad
1146 2967 1254 3046 Piati·

63 3073 139 3145 Μ,
167 3063 325 3160 Sergius,
353 3061 515 3159 inquam,
543 3059 714 3138 suceeffor
731 3061 917 3160 Gregorii,
953 3081 1034 3136 curn
1060 3059 1255 3142 inconsulto

65 3144 203 3233 lothario
232 3161 439 3255 [operatore
470 3157 557 3233 effer
585 3155 823 3247 consecratus,
866 3159 1072 3252 inperator,
1114 3156 1168 3250 jue
1199 3163 1256 3240 su·

64 3261 108 3317 un
139 3253 388 3343 vindicaturus,
428 3255 578 3329 Romam
618 3252 712 3324 misit
753 3253 863 3326 filium
899 3252 1139 3342 Ludovicum,
1173 3279 1280 3334 curn·

63 3334 229 3444 Drogone,
252 3348 532 3446 Archiepiscopo
553 3346 742 3438 Metense,
776 3366 813 3420 et
834 3347 982 3444 ingente
1006 3355 1184 3441 exercitu,
1217 3373 1257 3432 ur

64 3455 229 3539 coeterae,
272 3471 310 3523 oe
338 3448 505 3540 deinceps,
545 3441 728 3542 Apostolieo
756 3445 950 3534 decedente,
989 3445 1152 3542 quisquam
1186 3452 1258 3524 illie

63 3547 168 3622 praeter
183 3543 239 3636 sui
258 3539 448 3644 justinam,
468 3536 691 3635 mssorumque
705 3538 841 3640 suorum
863 3537 1117 3648 praesentiam,
1132 3543 1265 3636 ordine·n

62 3638 106 3702 W
123 3635 281 3740 Antistes,
312 3657 352 3718 ot
374 3640 481 3718 habet
510 3637 687 3714 Annalista
720 3636 956 3718 Bertiniaoos.
1007 3632 1137 3710 Tradat
1169 3657 1260 3724 uero

567 3731 716 3829 Grae
1153 3725 1258 3834 sige.
