3104 4454
446 234 491 342 ᾖ
565 233 801 324 tantun.
1219 247 1291 336 aaa

84 409 236 494 iitbduxit
263 415 430 516 inperio,
454 441 499 494 eo
521 421 641 498 etiam·
661 425 788 522 usque,
812 443 854 504 ut
877 418 922 496 de
948 439 1047 494 novo
1073 417 1283 516 inperatore

81 516 232 610 eligendo
253 515 359 590 fuerit
383 516 635 611 deliberatum,
666 525 762 616 quod
785 525 881 618 Papa
902 516 1042 591 avertit.
1093 518 1147 590 lta
1170 517 1280 592 Anas·

80 613 168 686 udus
191 614 226 686 io
253 611 330 708 ejus
353 611 427 688 vio
459 611 580 690 refert.
631 615 819 714 Denique,
844 611 991 712 synodo
1017 610 1158 700 condia,
1190 611 1277 690 irua-

80 709 186 802 ginum
207 710 341 782 cultum
364 705 528 800 saucivit,
553 728 591 783 et
614 715 824 788 contrariam
846 707 1054 807 opinionem
1070 710 1276 803 pronuncia·

80 805 127 876 vit
147 803 381 894 haereticam,
405 803 505 900 cujus
526 807 687 880 meminit
711 809 890 882 Cedrenur
905 823 1075 914 ,praeter
1091 803 1192 878 aliua:
1217 805 1279 881 sed

79 899 143 993 ejus
166 897 256 974 uiuit
278 897 455 998 superest,
488 921 625 996 praeter
656 903 888 1002 fragmentum
916 923 952 1004 tn
972 896 1079 997 epist.
1103 899 1277 976 Hadriani
1393 956 1401 966 -

77 997 112 1067 ad
140 995 310 1072 Catulum.
356 994 510 1073 Additur.
537 997 699 1094 iusuper,
738 1001 843 1074 lraioa
879 1019 916 1074 et
939 995 1127 1072 Romanor
1168 993 1274 1072 fuiffe

79 1112 132 1186 per
151 1091 276 1188 Papam
300 1115 322 1166 a
346 1090 485 1165 tributis
510 1093 708 1191 Imperatori
731 1093 908 1168 solvendis
930 1090 1141 1187 prohibitor.

86 1221 92 1245 ·
117 1185 147 1284 i.
168 1189 369 1263 CLXXVI.
403 1184 562 1260 Historia
585 1209 721 1264 narrata
768 1189 920 1264 uaeritua
944 1183 1030 1260 fitne
1054 1207 1096 1260 ea
1121 1205 1195 1264 tota
1210 1211 1273 1264 ve·

79 1301 126 1370 ra,
146 1303 206 1358 nec
229 1285 308 1358 nei
340 1281 574 1358 Protestautea
596 1287 710 1380 Papae
734 1213 892 1358 tqacinora
917 1280 1038 1356 facilen
1060 1283 1272 1372 admittunt,

80 1377 129 1450 sed
146 1379 276 1456 leonia
297 1377 461 1454 nonnulla
487 1399 634 1476 negant:
668 1397 792 1455 contra
818 1377 1005 1454 instituunt
1027 1376 1279 1459 Romano-Ca·⁸

82 1473 197 1550 thoiici.
245 1475 305 1548 Ex
336 1495 416 1546 mea
449 1477 625 1572 opinione
657 1476 770 1550 dubiis
804 1479 882 1552 tunt
912 1469 1145 1564 accensenda,
1186 1499 1276 1571 quae

76 1569 171 1666 Papae
194 1571 428 1668 inputautur,
466 1592 537 1644 neo
558 1571 690 1646 Leonis
712 1593 774 1668 per
800 1569 918 1646 omnia
942 1584 1026 1646 vera
1063 1565 1152 1646 sunt.
1209 1573 1275 1650 Pa·

77 1688 143 1762 pam
170 1665 392 1764 prohibuiffe
425 1664 617 1779 tributum,
655 1669 896 1779 Imperatorem
931 1666 1271 1780 encommunicass'e,

77 1760 1273 1961 {Ptt'z'ttdttttttttit{³²¹t'ii‘atttt?0r„2't‘¹¹tttt

73 1954 339 2051 triturasolrere,
359 1967 391 2024 et
410 1950 566 2044 Romam,
583 1955 850 2051 amaritudinen,
868 1976 909 2026 oc
924 1967 1025 2027 totum
1043 1955 1272 2050 Occidentem,

76 2051 228 2126 eLeonir
253 2051 453 2139 obedientia,
480 2063 549 2124 torn
566 2053 677 2139 civili,
701 2073 796 2146 quom
813 2045 1068 2146 Eccieflastito,
1093 2065 1124 2122 et
1142 2056 1186 2128 ab
1200 2058 1276 2150 rjor

74 2149 176 2242 inperio
188 2141 412 2244 subtraxiffr.
463 2145 530 2218 Sed
553 2146 591 2220 P.
616 2146 794 2220 Diaconos
817 2147 837 2222 Ι.
864 2147 931 2220 vt.
955 2167 987 2220 c.
1009 2163 1071 2234 49.
1096 2145 1141 2220 de
1165 2147 1274 2246 gestia

12 2325 13 2334 ἵ
72 2242 375 2342 Langobardorum
404 2239 536 2333 refert,
568 2243 696 2338 Papam
722 2241 908 2332 obstruite,
931 2243 1112 2339 quominua
1136 2263 1272 2321 novum

73 2360 218 2416 meatem
241 2341 501 2434 inperatorem,
535 2355 573 2411 et
602 2333 1164 2428 Amnafius,‘eu1nadmonuiffe
1190 2362 1271 2431 eoa,

74 2455 110 2507 ue
135 2461 154 2512 a
175 2435 252 2511 fade
286 2433 497 2527 inperatoria
525 2430 765 2507 desciscerent.
814 2433 935 2507 Paulus
965 2429 1146 2508 Diaconua
1176 2433 1272 2513 Hist.

75 2531 188 2622 refert,
216 2533 366 2626 Papam,
391 2531 520 2602 tributo
542 2525 712 2614 Romanae
731 2533 821 2604 artis
839 2525 1052 2624 prohibuffl,
1076 2543 1108 2602 at
1125 2529 1271 2624 Italiae3

75 2625 225 2724 icripfiffe
256 2619 395 2722 quoque
425 2626 468 2698 ad
498 2625 678 2716 Leonem,
720 2649 780 2700 aon
813 2642 952 2722 oportere
983 2627 1203 2718 iaperatorem
1227 2630 1269 2705 de
1318 2643 1323 2662 ⁸

71 2725 125 2818 fide
137 2723 258 2820 sotere
281 2727 409 2796 uerbum
433 2739 504 2796 etc.
550 2718 673 2796 Postea
697 2739 815 2798 tamen
844 2720 973 2810 refert,
1004 2722 1131 2889 Pappm
1152 2745 1269 2799 remo·

78 2820 147 2896 viiie
171 2822 325 2894 Romam
347 2837 385 2890 et
407 2817 560 2909 Italiam,
596 2833 654 2892 aet
676 2841 735 2891 nou
764 2835 797 2892 tt
821 2819 928 2890 omnio
945 2833 1028 2891 -tom
1086 2819 1270 2912 eipublicoe

78 2939 108 2987 tt
130 2912 360 3010 Ecclefioflito
385 2915 468 3007 jura
500 2916 535 2986 in
561 2915 726 3008 Hesperiis
746 2917 804 2988 'ab
842 2915 1023 2986 obedientie
1054 2913 1193 3006 Leonis,
1233 2935 1268 2992 et

81 3013 180 3104 inperia·
194 3009 263 3110 sub
281 3008 350 3105 ipso
380 3006 556 3104 contituti.
604 3012 662 3084 De
692 3009 1055 3086 excommunicatione
1087 3009 1267 3106 Inperato·

83 3105 122 3179 ria
140 3109 220 3186 nihii
245 3127 384 3204 quoque
405 3103 560 3196 constat,
584 3105 649 3182 nist
674 3107 767 3202 quod
792 3106 830 3180 in
856 3102 1010 3204 epistolis
1029 3101 1092 3202 ipsi
1115 3105 1268 3186 minatus

79 3199 178 3296 ment,
201 3222 239 3278 et
261 3200 373 3298 ipsum
398 3200 531 3276 satanae
555 3199 748 3277 tradiderit.
796 3202 919 3298 Quae,
953 3225 1020 3294 qua
1046 3199 1182 3278 ratione
1214 3207 1267 3280 se·

79 3320 145 3374 cum
165 3301 234 3376 fint
256 3295 489 3386 concilianda,
514 3298 646 3393 quidve
669 3296 744 3372 veri
771 3295 896 3384 substa,
920 3319 993 3370 non
1017 3298 1108 3372 adeo
1133 3299 1263 3378 clarum

75 3393 140 3470 cst·
169 3397 207 3472 P.
231 3395 277 3468 de
301 3395 426 3468 Marta
458 3395 626 3470 concord.
658 3393 785 3468 neem.
809 3409 845 3467 et
866 3393 984 3488 Inper.
1009 3394 1032 3467 i.
1057 3393 1122 3468 ΙΙΙ.
1147 3418 1178 3472 c.
1207 3419 1268 3477 rr.

74 3497 150 3594 vera
165 3489 234 3567 effe
255 3509 382 3587 negat,
414 3505 454 3561 et
477 3492 607 3598 populo
630 3488 813 3580 adtribuit,
856 3512 943 3585 quae
965 3489 1077 3586 Papae
1102 3488 1267 3588 inputan-

78 3607 143 3678 tur,
159 3587 310 3662 Graecos
323 3609 412 3662 vero
430 3585 613 3680 scriptores
629 3607 728 3684 putat
743 3585 781 3662 in
797 3607 900 3662 unam
918 3581 1105 3680 conjeciffe
1114 3585 1265 3677 fascem,

77 3703 152 3778 quae
172 3683 288 3782 postea
314 3680 562 3789 coptigeruut,
587 3682 773 3852 quiAetiam
794 3683 891 3760 reete
906 3677 1138 3768 demonstrat,
1159 3680 1290 3862 Ipffi
