3104 4814
219 454 227 473 c
424 442 426 447 '
620 486 632 519 t
954 440 958 447 ¹
1143 476 1158 495 N
1428 472 1431 477 .

671 610 778 689 aaut
803 608 876 688 lli,
977 658 981 663 -

155 781 309 885 negotio
340 777 573 884 occupantes.
623 786 775 886 Quando
811 784 1020 864 Tancredua
1036 882 1043 895 .
1060 778 1304 884 principanio
1327 772 1382 861 ll

154 885 303 972 Ciltcia,
329 901 368 956 et
384 883 610 958 Boamundua
628 884 839 959 Edellenum
859 884 918 959 srbi
944 884 1164 972 vindrcavrt,
1192 904 1229 956 et
1254 883 1378 958 Cruci*

154 980 207 1055 ati
237 976 461 1054 Antiochiam
496 1002 690 1078 coeperunt
716 1005 930 1079 oppugnare.
980 981 1064 1079 Quo
1095 998 1258 1075 tempore
1282 992 1383 1055 exani

157 1079 252 1151 citur
277 1076 321 1149 ad
347 1098 430 1171 gno
457 1075 570 1150 millia
593 1080 699 1174 usque
726 1101 800 1151 erat
823 1079 1039 1164 inminutus,
1066 1098 1129 1169 per
1153 1078 1293 1149 urbium
1319 1094 1384 1152 ex·-

155 1171 417 1269 puguationer,
443 1174 590 1268 praelia,
614 1176 779 1263 morbos,
804 1175 1042 1260 delerttones‚
1065 1175 1220 1244 locorum
1237 1172 1384 1246 difficul-

156 1289 269 1357 tates,
310 1286 347 1339 et
377 1267 547 1362 praefidia
590 1269 654 1343 hic
685 1271 760 1345 illic
790 1272 974 1343 collocata.
1027 1268 1260 1341 Antiochiam
1294 1282 1382 1343 veto

158 1384 232 1437 uon
264 1361 328 1436 nifi
356 1360 438 1459 post
461 1362 543 1438 otto
569 1363 736 1439 mensrum
766 1365 1003 1453 obsrdionem,
1047 1387 1112 1460 per
1140 1363 1282 1437 infidias
1309 1356 1388 1441 'Bo'-

155 1459 321 1547 amuadi,
355 1459 414 1531 cui
447 1479 636 1556 propterea
662 1465 739 1535 urba
766 1460 816 1535 est
840 1458 1025 1549 concelia,
1058 1480 1325 1555 expugnarunt,
1352 1474 1385 1536 ε’.

160 1563 270 1645 1098.
318 1552 470 1649 Quando
494 1578 579 1628 mor
604 1559 646 1629 ab
667 1554 822 1630 inmensa
847 1556 999 1628 hostium
1024 1556 1253 1630 multitudine
1290 1555 1384 1629 Tur·

157 1670 299 1740 carum,
324 1651 480 1723 Arabum
503 1669 541 1723 et
557 1652 758 1744 Persarum,
787 1655 889 1726 Duce
910 1651 1135 1745 Corbagath,
1173 1676 1260 1749 quoa
1292 1652 1387 1727 Soli·

159 1768 308 1821 manuus
332 1744 370 1818 in
397 1765 512 1842 parter
535 1748 608 1821 suaa
636 1767 809 1837 traxerat,
844 1746 965 1820 obst-lla
992 1748 1092 1833 sunt,
1128 1749 1231 1821 etad
1257 1764 1384 1821 extre*

159 1861 235 1917 mat
258 1839 391 1916 redatli
411 1840 600 1936 angustias,
625 1844 719 1917 fame
743 1867 883 1941 quoquo
908 1842 1056 1915 terribrli
1080 1841 1177 1915 inter·
1199 1866 1260 1917 eoa
1286 1844 1381 1940 gras·

158 1937 271 2013 sante.
320 1935 403 2034 Quo
426 1936 463 2010 in
487 1936 575 2013 statu
601 1940 806 2015 miraculose
840 1958 1022 2026 narrantur
1058 1937 1167 2011 eradii
1204 1963 1269 2034 per
1307 1945 1385 2015 lurr-

160 2057 273 2124 team,
296 2053 367 2129 qua
389 2029 517 2106 Christi
542 2035 629 2108 latur
652 2054 727 2108 erat
754 2033 963 2132 perfulium,
989 2034 1170 2108 inventam
1198 2035 1234 2108 in
1263 2036 1385 2112 aceles

160 2130 209 2206 lia
232 2131 266 2203 S.
291 2128 408 2216 Petri,
438 2128 658 2203 revelatione
683 2133 817 2204 duobus
844 2129 1048 2204 sacrificulis
1074 2131 1183 2205 Gallia
1209 2129 1385 2209 divinitus

106 2308 112 2317 ,
161 2223 277 2315 taur,
305 2245 471 2298 necnon
497 2247 561 2320 per
577 2226 754 2299 Andrean
775 2225 983 2321 Apostolum
1002 2226 1082 2321 ipsrs
1110 2227 1384 2308 manifestatum*

161 2321 365 2398 Veritatem
382 2318 521 2394 lanceae
538 2321 784 2396 demonstralse
807 2327 913 2395 etiam
936 2340 1095 2395 narratur
1121 2323 1198 2412 vir,
1232 2328 1291 2401 cui
1323 2351 1383 2401 re-

158 2418 317 2494 velatum
347 2432 420 2487 erat
457 2415 502 2488 de
536 2418 670 2504 lancea,
706 2418 837 2492 illaesus
870 2439 948 2491 cum
979 2439 1020 2490 ea
1049 2439 1114 2513 per
1139 2416 1258 2513 ignem
1289 2441 1385 2498 trau*

160 2514 272 2601 fiens3
297 2528 335 2584 ut
351 2511 544 2587 Bernardus
560 2512 825 2604 Thesaurariua,
846 2513 945 2608 cujus
963 2512 1063 2609 supra
1079 2513 1245 2602 memini,
1271 2519 1308 2591 de
1326 2542 1385 2596 ur·

157 2608 327 2708 qulfirr'orre
351 2624 458 2682 terrae
473 2606 613 2703 sanllae
638 2632 714 2706 cap.
738 2632 798 2701 45.
824 2629 962 2707 quoque
992 2607 1113 2682 refert.
1166 2607 1244 2711 Qua
1275 2610 1379 2688 fabu-

159 2714 212 2796 la,
245 2727 325 2778 narn
360 2702 453 2776 staur
485 2702 605 2800 postea
637 2705 687 2780 est
714 2706 872 2793 detecta,
899 2705 1042 2779 animati
1071 2707 1225 2779 Cruciati
1258 2708 1384 2787 hosteo

158 2802 315 2902 glorioso
350 2798 536 2872 admodum
571 2803 699 2898 praelio
735 2801 912 2876 fuderunt.
969 2802 1166 2891 Ceterum,
1209 2826 1297 2899 quae
1329 2805 1379 2882 {in

156 2897 276 2974 castras
300 2913 380 2969 ante
403 2894 629 2969 Antiochiam
656 2896 748 2994 gesta
771 2899 867 2988 sunt,
892 2896 1056 2971 adcurare
1079 2920 1212 2973 narrata
1238 2899 1379 2977 exstant

159 2996 199 3071 iu
230 2990 377 3090 epistola
406 2990 574 3086 Stephani
606 2994 757 3067 Comitia
797 2993 1015 3066 Carnotensrs
1046 3013 1083 3066 et
1115 2995 1297 3069 Blaesensrs
1327 2998 1374 3075 ad

160 3112 309 3167 uxorem
337 3085 512 3176 Adelam,
550 3088 588 3161 in
614 3088 804 3188 Spiciregio
829 3088 1065 3162 Dacherian0.
1108 3089 1195 3166 vid.
1228 3114 1375 3191 quoque

159 3190 301 3263 litterae
323 3183 515 3255 Boamundi
544 3204 581 3258 et
607 3187 755 3260 aliorum
778 3186 820 3260 ad
856 3187 1039 3260 Urbanum
1071 3185 1118 3259 11.
1152 3186 1190 3258 in
1222 3187 1385 3266 Miscet·-

155 3284 227 3360 lara
250 3278 383 3354 Btluzii
408 3296 494 3354 tom.
518 3280 548 3355 Ι.
782 3338 785 3346 .

210 3378 243 3477 5.
267 3369 416 3452 DCLIIJ
436 3376 625 3453 Venerunt
655 3379 814 3470 tandem,
847 3378 965 3454 obviis
998 3374 1138 3450 urbibus
1171 3379 1386 3477 occupatir,:

158 3478 271 3555 multa
291 3472 382 3545 inter
404 3468 624 3548 incommoda
646 3494 684 3549 et
713 3478 866 3574 pericula
891 3501 953 3574 per
978 3471 1093 3549 hoster
1115 3495 1185 3545 non
1212 3494 1376 3570 tantum,

158 3573 221 3650 sed
243 3588 280 3644 et
303 3587 440 3642 mutuas
464 3566 707 3663 diffensrones,
740 3596 785 3645 ex
809 3572 996 3647 ambitione
1020 3590 1131 3659 ortas,
1166 3570 1375 3672 Hierosoly·

162 3689 257 3744 mam
280 3688 311 3740 a.
338 3684 447 3753 1099.
472 3687 572 3761 quam
590 3689 637 3740 eo
661 3685 824 3764 tempore
849 3687 1037 3742 tenuerunt
1064 3666 1246 3757 Saraceni,
1281 3671 1375 3742 Tur·

161 3767 235 3852 cia,
275 3761 458 3836 occasrone
481 3759 679 3860 progressus
700 3766 966 3855 cruciatorum,
1000 3784 1154 3859 ereptam
1178 3787 1198 3838 a
1230 3765 1381 3840 Sulrano

161 3857 353 3959 Aegyptio.
406 3857 651 3932 Cruciatorum
678 3859 764 3935 licet
790 3884 956 3934 numerus
982 3860 1070 3934 eliet
1094 3865 1261 3956 exiguus,
1296 3884 1383 3939 curn

161 3959 226 4033 vix
254 3977 312 4032 20.
336 3952 433 4025 mille
457 3955 598 4049 pedites
621 3973 659 4029 et
696 3980 804 4046 1500.
838 3956 976 4053 equites
1007 3954 1136 4045 client,
1171 3954 1381 4057 Hierosoly·

160 4076 255 4134 mam
291 4048 550 4148 nihilomiuus„
596 4050 746 4222 ³⁰3²ss
786 4051 940 4130 hostium
980 4072 1132 4129 nurnero
1172 4049 1351 4227 defeugam
1359 4110 1381 4146 1,

742 4163 851 4247 ttt3
1302 4149 1383 4233 reri
