3104 4814
139 594 232 691 13⁶
554 574 708 681 ΗΜ
727 568 1002 688 Ecetefi'cartst.

163 768 343 855 masfvere
368 755 547 857 paffioniu,
579 763 668 856 quae
692 782 768 837 erat
798 761 973 860 septima,¹
1004 784 1050 840 er
1078 738 1394 863 zagaoaeyr'q'fic'crs

152 874 265 955 cibis,
294 860 479 935 secundum
512 860 626 954 legem
659 861 784 948 latam,
828 861 1042 938 constabat·
1071 866 1112 935 ln
1146 878 1262 934 taneta
1292 878 1396 954 para·

158 968 276 1067 scireut
310 950 512 1059 omnimoda
535 973 609 1025 erat
636 954 847 1028 abstinentia
872 955 1056 1050 usquead
1089 958 1233 1031 Sabbuti
1270 956 1393 1050 vespe·

167 1049 716 1252 ‘i’chirimibuduffliib
730 1068 1030 1220 brittam
1056 1054 1150 1126 ,en
1169 1054 1379 1220 diffisis

239 1208 247 1226 .
314 1184 347 1220 ἰ
422 1200 430 1217 ι
484 1200 492 1216 ·
989 1173 1071 1220 2³38
1098 1172 1166 1221 au
1373 1194 1388 1235 9
1429 1188 1432 1197 ·

168 1271 255 1352 quae
294 1266 342 1335 42
381 1240 513 1315 faciunt
564 1240 668 1330 dies,
716 1259 848 1312 tantum
893 1248 942 1336 36
989 1173 1188 1339 relinquitur
1230 1238 1390 1339 Jejuniu,
1430 1290 1432 1317 ι

160 1344 249 1445 'quia
281 1340 403 1415 diebus
442 1335 626 1409 dominicis
663 1358 728 1432 per
754 1333 1069 1432 'quadragefimam
1098 1360 1168 1412 nort
1206 1339 1388 1434 jejunaba-
1430 1400 1432 1405 .

170 1462 248 1530 tur,
293 1435 335 1510 ad
376 1455 558 1506 numerum
590 1455 639 1522 40
672 1431 806 1505 dierum
839 1435 1106 1528 complendum,
1145 1431 1388 1528 quatuor-dier

169 1529 396 1615 hebdomadis
434 1524 676 1624 praecidentis
719 1525 1036 1622 praemittebantur
1080 1520 1389 1627 quadragefimae,

170 1652 319 1735 quorum
355 1624 485 1723 primus
514 1623 696 1699 dicebatur
726 1625 796 1695 dies
830 1630 988 1698 cinerum:
1024 1648 1090 1722 qua
1125 1627 1265 1698 ratione
1297 1622 1388 1697 feris

177 1744 303 1928 {uasta
334 1720 631 1819 quinquagesrrnae
666 1717 857 1815 incipiebat
879 1720 1052 1816 jejunium
1086 1719 1389 1890 ppadragelimale·

215 1821 328 1899 uaudo
359 1840 447 1891 vero
464 1813 638 1888 'illi-dies
667 1818 816 1910 quatuor
845 1812 976 1888 fuerint
1008 1816 1084 1913 adje
1124 1816 1158 1905 i,
1198 1836 1271 1889 non
1300 1834 1391 1891 cou-

175 1922 255 1999 stat·
306 1911 379 1986 Alii
395 1907 476 1984 iliud
495 1911 671 2006 Gregorio
690 1912 746 1984 Μ.
759 1965 770 2002 ,
800 1909 859 1985 alii
884 1911 1061 2008 Gregorio
1085 1914 1157 2002 Π,
1189 1909 1247 2008 qui
1283 1912 1390 2009 hujus

176 2017 230 2094 est
269 2009 394 2095 seculi,
432 2005 640 2080 adtribuunt.
693 2006 843 2096 Primus,
877 2004 936 2103 qui
963 2029 1084 2082 eorum
1115 2005 1302 2098 meminit,
1340 2004 1394 2083 est

149 2101 366 2189 ¹Amaiarius
391 2101 435 2173 de
464 2100 531 2183 pff.
557 2100 688 2175 Eccles.
712 2103 735 2178 Ι.
758 2106 787 2177 1.
812 2125 842 2176 c.
869 2123 902 2194 7.
935 2127 965 2176 a.
1002 2111 1083 2197 827.
1117 2103 1297 2198 Gregorio
1330 2103 1394 2177 M.

169 2229 243 2285 ,eos
285 2196 402 2275 tuine,
426 2195 573 2290 ignotos
610 2196 707 2270 reate
739 2198 891 2271 advertit
922 2198 1078 2273 Dallaeus
1113 2199 1157 2270 de
1186 2203 1319 2294 jejunio
1351 2215 1392 2271 et

173 2288 424 2476 ffindragejitna
443 2295 464 2365 l.
491 2293 560 2368 IV.
585 2316 617 2371 e.
646 2316 701 2388 13.
714 2312 730 2382 ,·
750 2317 795 2368 ex
822 2293 985 2387 Gregorii
1002 2293 1144 2366 homilia
1159 2296 1284 2383 XVL,
1309 2291 1393 2390 post

172 2448 181 2457 -
229 2394 396 2470 enardum
430 2387 467 2462 in
504 2409 580 2465 not.
611 2390 653 2464 ad
676 2387 972 2486 sacramentarium
1012 2388 1288 2483 Gregorianum,
1329 2385 1395 2464 ubi

119 2494 122 2499 ’
174 2495 287 2572 etiam
312 2492 490 2574 obiervat,
514 2486 699 2565 memorari
716 2487 855 2580 quidem
880 2509 941 2560 eos
957 2485 993 2558 in
1023 2488 1223 2559 sacrament.
1251 2486 1396 2583 Grego-

174 2592 246 2680 rii,
277 2584 334 2659 sed
358 2605 377 2655 a
402 2583 601 2653 recentiore
623 2603 725 2654 manu
749 2580 920 2676 adiectos,
954 2580 1041 2653 sicut
1067 2580 1106 2655 in
1135 2578 1227 2652 libris
1257 2582 1397 2657 rituali·

180 2691 245 2765 bus
273 2679 362 2755 haud
397 2698 474 2749 raro
504 2676 694 2772 contingit.
745 2675 824 2751 Post
854 2677 1064 2750 Amalarium
1096 2675 1231 2748 mentio
1270 2680 1420 2755 eorum'

183 2783 322 2860 dierum
358 2773 441 2847 fita
476 2772 620 2873 Synodo
643 2772 818 2848 Meldensr
851 2796 880 2846 a.
905 2781 1000 2864 845,
1035 2791 1071 2844 et
1096 2772 1334 2845 Sueffionense
1363 2792 1429 2849 aa·

186 2889 268 2969 853.
321 2870 501 2944 Videntur
524 2871 640 2966 itaque
667 2871 705 2944 in
732 2869 803 2942 fine
829 2868 927 2963 hujus
956 2867 1064 2942 nostri
1088 2867 1194 2940 seculi
1228 2866 1401 2947 instituti.

169 2964 272 3043 'Illud
289 2963 391 3038 dietis
407 2960 517 3049 addo,
541 2985 586 3034 ex
602 2965 683 3056 Joh.
707 2963 943 3053 Damasceno,
969 2965 990 3038 l.
1015 2963 1100 3051 cit,
1126 2986 1266 3059 quoque
1282 2960 1404 3058 pates·

183 3084 288 3149 cere,
314 3075 461 3153 quatuor
486 3055 562 3130 iilos
584 3057 655 3131 dies
672 3057 735 3154 ipss
761 3056 860 3130 fuine
885 3058 1027 3155 ignotos
1086 3059 1272 3134 Rationem
1299 3062 1403 3136 enim

183 3154 404 3241 redditurus,
432 3172 538 3244 quare
553 3149 815 3254 ,Quadragestma
840 3155 1050 3250 adpelletur,
1076 3179 1154 3230 cum
1180 3153 1303 3229 diebus
1326 3152 1406 3232 sab·

184 3251 257 3331 bati
282 3269 319 3323 et
343 3246 532 3322 dominicis
563 3274 633 3325 uon
654 3249 834 3345 jejunetur
853 3250 891 3323 in
917 3251 1068 3325 Eccieiia
1095 3252 1248 3340 Graeca,
1281 3251 1409 3349 rejicit

184 3345 362 3521 ittet?
375 3345 453 3536 1⁶05?
454 3343 646 3515 bittit}
677 3343 883 3514 Ρὲἱῗὲἓίἰ
902 3347 1048 3517 ii‘ffi'ffl
1058 3344 1412 3519 eipdribeiissb’sffi

186 3541 292 3616 theos
318 3536 452 3624 Abbas,
484 3535 586 3610 citati
610 3493 698 3610 aie
717 3464 832 3709 (pugio,
855 3535 891 3611 in
907 3494 983 3610 not’.
1010 3537 1088 3634 Ipse
1114 3562 1201 3611 vero
1220 3536 1411 3635 jejunanth'

187 3632 329 3711 modum
353 3628 561 3742 destinguit,
593 3656 662 3731 quo
685 3658 730 3708 ve
768 3633 958 3732 omnigena
989 3636 1191 3710 observatur
1226 3633 1412 3711 abstinen-

188 3733 259 3819 tia,
283 3725 340 3800 vel
366 3746 386 3796 a
411 3748 497 3799 vino
513 3747 648 3805 tautum
666 3748 703 3804 et
721 3731 891 3805 carnibus.
941 3729 1075 3805 Diebus
1097 3729 1226 3805 sabbati
1259 3750 1299 3805 et
1330 3730 1415 3806 Do·

188 3823 327 3909 minicis
351 3818 439 3896 dicit
459 3821 610 3925 jejunari
629 3826 786 3923 quidem,
813 3823 871 3896 sed
897 3823 1113 3933 inperfebie,
1147 3849 1228 3901 cum
1256 3825 1415 3925 pleniffi·

189 3950 247 4005 me
270 3915 351 3997 iliud
375 3915 435 3989 fiat
461 3918 602 4009 reliquis
619 3917 893 4017 quadragesimae
912 3919 1044 3998 diebus.
1094 3922 1229 4013 Addit,
1257 3923 1313 4000 die
1340 3924 1412 4000 do·

189 4019 417 4109 minianum
436 4010 590 4110 jejunari
610 4030 759 4110 propter
772 4013 1063 4096 resurrediionem
1086 4018 1257 4113 Domini,
1286 4016 1412 4132 sabba·
