3104 4814
56 13 1429 541 .-

180 636 259 740 35⁸
570 616 1010 726 nmortammsscnrst
1424 576 1429 631 ¹

186 835 261 900 vo,
291 821 497 902 comparent
521 824 660 900 quoque
686 804 776 901 apud
803 807 953 902 Jolrannt
979 796 1186 880 Damascen.
1211 799 1257 878 de
1279 796 1383 877 Tainia.

188 910 299 1000 Oper.
326 924 351 978 t.
378 902 407 976 l.
441 924 476 997 p.
501 922 585 992 475.
635 903 816 974 Praeterea
848 901 1065 992 testimonia,
1103 901 1148 973 ab
1180 897 1414 974 Hadrianot-

188 1004 255 1076 cit.
279 999 432 1095 prolata,
468 998 557 1068 ninrl
582 996 675 1069 aliud
705 1000 886 1071 maximam
912 1016 1047 1093 partem
1067 998 1245 1092 probant,
1264 1016 1305 1069 ac
1323 990 1381 1089 Spl-

187 1097 295 1170 ritum
321 1095 357 1167 S.
383 1092 583 1164 hominibus
609 1096 758 1165 concedi
783 1114 848 1191 per
873 1093 1009 1169 Filium.
1308 1150 1311 1155 .
1374 1114 1379 1157 ·.

239 1189 274 1288 ς.
298 1187 520 1263 cccxxxi.
558 1208 590 1258 o.
624 1188 693 1259 Sed
729 1190 771 1260 ad
802 1207 917 1260 motor
952 1182 1185 1260 concitandos
1220 1185 1256 1258 in
1285 1178 1383 1280 primia

183 1292 330 1369 multum
357 1284 533 1368 contulit,
580 1284 673 1380 quod
707 1281 823 1354 Latini
857 1304 929 1355 non
963 1299 1101 1354 tantum
1130 1279 1393 1354 coufeffionibut-

185 1382 275 1470 suia,
299 1378 417 1455 sedet
441 1379 609 1472 Symbolo
634 1380 818 1452 CPolitano
849 1375 1058 1451 inseruerint
1089 1397 1218 1448 vocem
1245 1376 1384 1470 illioque,

185 1477 258 1574 jam
285 1473 388 1551 initio
413 1477 480 1547 sec.
507 1474 590 1548 Vll.
646 1472 754 1546 Primi
781 1472 861 1545 illud
887 1471 1005 1544 facille
1036 1469 1203 1543 videntur
1233 1470 1384 1567 Hispani,

188 1595 259 1670 quo
289 1591 452 1667 tempore
474 1569 609 1658 Gothi,
642 1568 701 1641 sub
727 1570 932 1642 Reccaredo
955 1568 1081 1664 Rege,
1111 1564 1220 1639 fidem
1245 1567 1385 1641 Catholi-

50 1702 56 1711 ·
189 1690 272 1743 cam
295 1668 331 1741 in
358 1665 509 1764 omorio
544 1666 714 1740 Toletano
750 1666 814 1738 lll.
847 1686 877 1737 a.
902 1671 985 1753 589.
1048 1659 1165 1733 rofeffi
1200 1663 1302 1753 sunt,
1340 1657 1386 1736 uli

186 1764 392 1858 Symbolum
419 1783 488 1833 non
516 1781 650 1835 tantum
673 1760 775 1833 CPol.
802 1782 883 1833 cunr
906 1761 976 1831 noc
998 1686 1249 1831 agdiumemo.
1269 1780 1316 1832 ex
1338 1760 1387 1832 Pa·

187 1878 243 1932 tre
275 1859 414 1952 liliaque
440 1852 626 1939 recitatur,
653 1852 711 1926 sed
735 1874 773 1927 et
797 1853 908 1951 ipsum
932 1854 1058 2020 dofima
1077 1852 1161 1924 illu'd
1181 1852 1242 1929 sub
1258 1854 1389 1929 mame·
1428 1880 1432 1945 r

186 1973 282 2033 mate
316 1950 484 2034 sancitur,
518 1948 728 2042 praescripta
755 1954 864 2024 etiam
898 1950 980 2044 Sym
1006 1948 1055 2021 olr
1087 1968 1168 2020 cum
1192 1972 1237 2024 ea
1262 1949 1392 2024 additio·

186 2073 234 2125 ne
260 2043 470 2120 recitatione
503 2044 541 2115 in
570 2042 727 2117 Eccleliis
756 2040 949 2142 Hispaniae
973 2063 1010 2116 et
1038 2041 1247 2118 Gallaeciae.
1296 2042 1391 2141 Quod

212 2138 306 2214 ostea
347 2138 385 2210 in
426 2133 500 2210 aliis
535 2135 686 2234 synodis
724 2137 776 2209 est
816 2139 1019 2235 repetitum.
1096 2136 1280 2213 Videntur
1316 2160 1394 2213 veto

179 2167 333 2328 fliipani
358 2231 453 2303 inter
481 2230 547 2304 alia
572 2256 615 2303 eo
638 2229 773 2304 addutti
800 2256 863 2328 per
879 2233 1084 2328 Symbolum
1100 2231 1392 2323 Amanasmmm

176 2326 376 2404 Athanasio
408 2326 545 2423 quidem
577 2326 663 2401 fallo
689 2325 919 2422 adscriptum,
956 2328 1014 2401 sed
1041 2329 1109 2401 sec.
1135 2328 1223 2403 Vll.
1244 2331 1316 2426 jam
1339 2331 1396 2404 sub

177 2425 261 2499 e'ur
279 2420 422 2498 nomine
439 2425 619 2516 vulgatum
637 2444 699 2515 per
718 2422 787 2495 illas
805 2420 987 2497 Ecclelias.
1012 2424 1193 2517 Hispanos
1209 2425 1248 2497 iu
1260 2447 1308 2497 eo
1321 2423 1397 2499 sunt

153 2451 279 2597 »dani
313 2516 466 2605 imitati,
515 2519 579 2589 'am
616 2515 814 2612 aliquandiu
848 2538 929 2592 ante
964 2518 1141 2614 Synodum
1175 2520 1401 2594 Francosord.

178 2642 215 2693 a.
243 2636 325 2710 794.
350 2611 524 2698 habitam,
552 2631 590 2684 ut
617 2636 662 2685 ex
687 2614 805 2684 verbis
838 2610 970 2686 Paulini
1000 2617 1037 2684 in
1071 2612 1220 2709 Synodo
1254 2617 1398 2714 Foroju·

182 2716 281 2789 liena.
306 2731 335 2780 a.
363 2727 445 2798 791.
472 2728 591 2801 putet,
617 2706 741 2804 quibus
764 2705 871 2796 dicit,
894 2723 1024 2802 propter
1046 2730 1120 2795 eor,
1155 2713 1210 2803 qui
1223 2708 1397 2807 susurroni⁴

181 2808 339 2901 Spiritum
365 2806 400 2877 S.
418 2802 524 2898 solius
548 2804 608 2896 effe
635 2806 768 2891 Putris,
803 2819 834 2874 rt
861 2829 881 2876 a
899 2801 968 2898 solo
991 2805 1094 2876 Pam
1115 2809 1308 2897 procedere,
1342 2809 1397 2880 od·

180 2905 289 2974 iilum
308 2897 387 2993 effe,
411 2904 465 2993 qui
488 2922 529 2971 er
555 2902 656 2974 Patre
681 2900 821 2994 Filioque
844 2903 998 2992 procedit.
1051 2899 1155 2994 Quod
1173 2904 1316 2996 quando
1328 2901 1399 2976 fue·

178 2997 230 3072 rit
255 2997 294 3069 in
322 2997 432 3070 Gallia
464 2993 615 3085 saelum,
650 3016 720 3066 non
747 2993 893 3067 cunstat.
940 2994 1104 3087 Denique
1126 2997 1205 3071 Sec.
1233 2998 1301 3073 IX.
1323 2997 1400 3072 reli·

227 3113 270 3165 ae
299 3093 457 3166 nationes
483 3091 579 3187 regni
607 3088 766 3164 Francici
799 3091 1000 3184 Symbolum
1033 3090 1115 3161 illud
1140 3113 1220 3164 cum
1245 3095 1318 3168 hoc
1342 3093 1400 3169 ad·

147 3182 176 3281 3-
207 3189 380 3263 ‘tamento
403 3206 634 3283 receperunt,
659 3200 696 3256 et
719 3184 759 3255 ad
781 3186 949 3279 Bulgaros
971 3206 1052 3258 cum
1067 3186 1265 3281 Euangelio
1291 3189 1398 3273 transf

177 3285 355 3371 tulerunt3
396 3284 485 3356 unde
515 3284 604 3356 haec
626 3275 770 3352 variatio
795 3280 835 3350 ad
863 3279 979 3353 Photii
1007 3300 1105 3353 aures
1136 3283 1321 3378 pervenit,
1362 3302 1400 3360 et

177 3378 445 3550 llllllll
469 3373 928 3544 llnltlllllllllt
946 3376 1117 3543 allel&
1145 3376 1396 3547 *limittit*

174 3568 278 3647 misit
325 3570 382 3640 De
407 3591 477 3663 quo
510 3566 582 3640 vid.
618 3565 817 3661 Lequieo'l.
843 3566 904 3639 uit.
956 3565 1092 3662 Utique
1128 3530 1215 3643 cum·
1242 3566 1400 3666 quaestio

173 3690 216 3743 ea
239 3664 284 3737 de
308 3685 347 3736 re
374 3662 444 3735 lroc
467 3660 623 3773 seu-lx.
650 3665 736 3775 ellet
755 3684 870 3751 mota,
897 3682 932 3734 et
958 3661 995 3736 in
1015 3661 1168 3735 concilio
1185 3663 1395 3761 aquisgran.

171 3757 521 3962 truanni
544 3759 1056 3960 llnltnnlmn
1071 3760 1397 3943 tentant

172 3954 351 4050 colloquro
373 3947 583 4043 Legatorum
620 3949 771 4046 Synodr,
798 3945 949 4022 Romam
975 3947 1169 4040 miliorum,
1194 3974 1278 4025 curn
1301 3954 1399 4029 Leo·

167 4076 236 4148 ne,
271 4059 391 4151 patet.
440 4044 633 4143 Descripfit
669 4040 755 4123 illud
791 4042 1006 4143 colloquium
1038 4044 1404 4222 smarasgdumsscm

182 4184 242 4221 ι’·
773 4214 780 4225 ,
1170 4197 1194 4218 ι·
1254 4168 1267 4219 2
