3130 4468
518 111 907 274 'serunts
1251 159 1402 290 srr'

87 361 155 441 ihre
173 355 456 441 Pseudo-isidori
479 355 675 459 Epistulas,
698 359 737 438 in
761 381 883 464 partes
905 364 1096 460 lacernttr,
1122 365 1217 469 quod
1238 381 1325 442 rer·

86 465 127 538 bo
150 458 308 557 tetigiffe
332 457 532 534 suffecerit:
567 479 725 555 propero
750 463 847 536 eninr
864 465 908 538 ad
931 461 1133 562 historicos,
1170 477 1357 566 quorum,

84 579 200 656 magna
216 555 269 630 est
287 557 401 651 seges,
426 574 465 630 et
481 554 693 653 praecipuos
707 561 915 635 recensebo.
955 559 1069 634 Initio
1086 563 1196 638 secut
1208 561 1316 658 scrip·
1370 628 1377 648 ,

83 656 332 742 fitAdtrnorns,
351 654 502 748 primurn
518 651 806 747 Lemovicenfis,
820 655 905 729 dein
921 659 956 733 S.
973 653 1143 754 Eparchii
1158 659 1319 758 Engohs·

84 753 201 826 mensis
225 752 450 839 Monachus,
493 749 664 825 chronicon
687 751 909 846 Aquitaniam,
952 756 995 826 ab
1028 753 1135 829 initio
1167 759 1323 832 Moriar-r
1351 786 1382 808 Α

82 849 174 923 chiae
194 851 412 920 Francorum
428 847 470 918 ad
496 869 527 919 n.
559 867 685 940 ¹0²7·t
711 873 785 944 quo
807 849 1029 944 Alphonsus,
1068 850 1151 926 Rex
1167 853 1314 951 ¹Legio·

82 945 188 1018 nensrs
211 947 250 1016 in
281 944 468 1036 Hispania,
496 962 656 1016 mortuus
683 949 757 1036 est,
780 945 915 1020 editurn
939 946 1119 1022 aLabbeo
1144 965 1231 1024 torn.
1264 951 1314 1029 Π.

28 1099 36 1120 .
81 1039 245 1115 Biblioth.
273 1061 390 1113 novae
415 1039 522 1126 Mil,
561 1039 622 1112 ubi
646 1045 755 1114 etiarn
780 1043 956 1136 reperitur
983 1041 1061 1138 ejus
1095 1065 1315 1122 commemo·

81 1141 165 1211 ratio
190 1137 369 1210 tredecim
393 1139 572 1208 Abbatunr
590 1136 898 1214 Lemovicentium
914 1136 1078 1220 Bssrhcnc
1095 1141 1130 1214 S.
1157 1141 1311 1218 Martia·

80 1232 118 1306 lis
151 1235 181 1308 A
212 1231 340 1323 ostoli,
380 1233 423 1305 nd
456 1253 485 1306 s.
515 1237 598 1323 848.
646 1233 823 1332 Denique·
844 1231 1064 1310 acrostichon
1096 1237 1172 1332 ejus
1203 1235 1315 1316 edidit

80 1257 257 1404 Mabiiion.
285 1327 324 1401 itt
345 1325 551 1436 ‘Anuled‘tis,
585 1346 622 1400 et
647 1328 843 1426 Epistulam
864 1329 911 1404 de
934 1329 1141 1441 Apostolatu
1168 1333 1313 1410 Mutia·

79 1423 114 1498 lis
138 1424 406 1500 Lemovicensrs
432 1427 609 1514 Baluzrus,
635 1447 702 1500 urta
725 1445 806 1500 cunt
831 1428 1072 1512 sermonibus,
1098 1451 1138 1502 rn
1155 1430 1312 1508 concilio
1346 1447 1350 1453 '

80 1519 323 1598 Lemoviccnsr
349 1544 381 1593 a.
413 1541 543 1612 roso,
582 1541 621 1593 ea
646 1523 811 1618 superte
844 1522 986 1612 casua,
1026 1523 1166 1602 habitis.
1222 1529 1312 1602 Her·
1345 1591 1352 1604 .

81 1643 210 1693 nunnus
240 1621 453 1706 crstinum,
491 1615 773 1692 emembrorurn
798 1618 1003 1708 debilitate,
1044 1643 1111 1720 qus
1136 1621 1314 1700 laboravit

79 1717 117 1789 sb
140 1716 310 1800 infantis,
337 1714 389 1788 ita
413 1711 547 1803 didius,
581 1712 672 1789 filius
697 1713 841 1800 Comitis
867 1716 1102 1812 Voringensrs
1124 1737 1161 1793 et
1186 1723 1310 1818 Sulgo·
1433 1773 1438 1782 ·

80 1813 198 1888 vieniis
223 1811 261 1885 in
289 1810 441 1897 Suevia,
476 1831 513 1882 et
535 1807 671 1907 Angue
691 1810 864 1908 Majoris,
896 1811 1041 1886 Ordinis
1065 1815 1310 1910 Benedikhin„

81 1907 295 1997 Monachus,
339 1931 370 1980 a.
399 1927 505 1997 1054.
531 1905 729 1997 defunctu,
772 1928 871 1981 autor
895 1905 946 1980 est
971 1909 1136 1984 Chronici
1163 1915 1209 1987 de
1240 1918 1313 1992 Sest

81 2007 182 2077 nundi
203 2007 397 2090 acroribus,
421 2005 513 2077 cM.
540 2004 580 2077 C.
605 2004 648 2078 sd
670 2025 700 2076 a.
730 2024 857 2094 1054,
884 2001 974 2076 editi
995 2027 1016 2076 u
1043 2004 1177 2080 Caniho
1203 2011 1309 2087 Le&-

81 2099 198 2198 hnriq.
234 2125 326 2177 tour.
361 2099 461 2187 111„
509 2097 639 2178 additis
670 2121 808 2198 quoque
842 2097 916 2194 ejus
958 2099 1306 2199 continuationibus,

82 2199 257 2274 noviffime
289 2198 383 2269 inter
414 2194 600 2289 scriptores
634 2195 868 2270 Germanicos
904 2191 1045 2270 pistorii
1081 2215 1169 2273 tom.
1196 2201 1225 2274 t.
1258 2225 1309 2282 ex

81 2293 233 2368 editione
259 2288 411 2366 Struvii.
462 2291 545 2364 Fuit
567 2309 679 2383 vero,
705 2289 795 2364 teste
818 2291 1085 2380 continuatore,
1119 2293 1306 2374 virtuensi

82 2395 151 2462 tuns
186 2394 339 2486 temporis
370 2391 456 2462 uirus
478 2385 651 2484 supientia
680 2403 713 2459 et
744 2389 921 2462 uirtutibus
947 2389 1156 2480 praecellens.
1226 2394 1308 2475 Aris

79 2486 145 2585 ejus
170 2497 279 2586 opera
299 2505 496 2583 praetereo.
529 2483 744 2572 Dithmorus,
777 2505 822 2559 ex
847 2480 964 2558 illustri
992 2489 1166 2562 comitum
1193 2491 1305 2565 Saxo·

80 2585 151 2656 niae
174 2583 307 2658 familia
333 2601 448 2667 ortus,
481 2579 676 2678 Episcopus
699 2577 1013 2675 Martisburgenfrs
1038 2584 1083 2656 ab
1105 2607 1138 2658 a.
1166 2595 1304 2684 1008.,
1373 2591 1378 2606 “

77 2673 203 2774 insigne
238 2677 402 2755 condidit
435 2673 663 2763 Chronicon,
701 2657 980 2773 gesta‘Henrrer
1013 2678 1064 2764 1.,
1114 2681 1303 2768 Othonum

79 2775 191 2860 trium,
220 2797 259 2852 et
285 2771 431 2848 Henrici
447 2771 492 2846 11.
517 2772 761 2868 complerunt,
787 2772 829 2846 ad
847 2767 1028 2846 historiam
1045 2774 1147 2872 hujus
1168 2797 1306 2879 ternpo-

77 2867 119 2942 ris
142 2873 376 2960 milidunum,
401 2865 584 2945 noviffinre
599 2864 731 2950 editum
757 2886 842 2944 tonr.
866 2871 895 2942 1.
944 2868 1160 2966 Scriptorum
1179 2879 1306 2958 Brunss

78 2966 260 3044 vicenhutn
280 2963 467 3041 Leibnizii.
520 2965 639 3038 Glaber
658 2962 871 3060 hadulphus,
895 2963 1063 3040 coenobii
1087 2969 1304 3056 Antistiodo·

77 3057 196 3156 rensis,
221 3087 260 3142 et
287 3063 370 3140 dein
394 3060 644 3151 chuniacensis,
670 3061 892 3150 Monachus,
916 3057 1097 3138 hinorum
1117 3070 1261 3148 'conscii

77 3151 116 3230 su
139 3161 351 3238 Francorum
373 3160 417 3233 a'b
447 3182 478 3234 a.
502 3181 588 3250 900.
612 3157 654 3233 sd
686 3165 813 3249 1046„
847 3158 981 3254 primus
1011 3159 1107 3235 inter
1137 3168 1304 3255 undecrm

79 3254 265 3353 Scriptores
297 3257 550 3343 Francorum,
574 3272 660 3351 quos
694 3253 807 3328 edidit
840 3252 1018 3329 Pithoeus.
1070 3257 1176 3337 Vitis
1207 3267 1304 3346 Cleri

77 3347 123 3422 sui
148 3352 318 3453 tem'poris
352 3349 561 3450 publicavit,
594 3371 655 3441 et,
695 3351 824 3446 Papam
853 3354 889 3427 in
921 3351 1029 3427 alieno
1058 3355 1191 3450 dioecefi
1221 3366 1307 3442 nihii

77 3443 151 3542 huffe
172 3453 341 3548 plusquam
366 3467 487 3523 ceteros
509 3445 708 3546 Episcopus,
747 3444 868 3522 statuit
900 3443 960 3522 tib.
986 3451 1033 3525 11.
1072 3477 1103 3528 c.
1130 3478 1166 3542 4.
1206 3459 1302 3537 Sicut

83 3550 173 3638 enirn,
213 3549 264 3624 ibi
287 3547 379 3620 inter
400 3547 464 3619 alin
489 3545 625 3642 inquit,
665 3541 877 3645 unrtsqur'sput
902 3546 1094 3620 orthodoxas
1126 3550 1303 3644 Ecclessoe

78 3635 272 3820 {infimi}
286 3639 501 3744 acesporffus·
519 3641 820 3820 prdprgfflis,
848 3640 1057 3744 nunionis
1073 3641 1226 3741 specim
1239 3668 1303 3750 ges

104 3761 121 3818 ι·
151 3758 216 3818 nn·
266 3795 278 3822 ο
1250 3755 1324 3849 ῄι
