<?xml version="1.0" encoding="UTF-8"?>
<!DOCTYPE html PUBLIC "-//W3C//DTD XHTML 1.0 Transitional//EN"
    "http://www.w3.org/TR/xhtml1/DTD/xhtml1-transitional.dtd">
<html xmlns="http://www.w3.org/1999/xhtml" xml:lang="en" lang="en">
 <head>
  <title>
</title>
<meta http-equiv="Content-Type" content="text/html;charset=utf-8" />
  <meta name='ocr-system' content='tesseract 3.04.00' />
  <meta name='ocr-capabilities' content='ocr_page ocr_carea ocr_par ocr_line ocrx_word'/>
</head>
<body>
  <div class='ocr_page' id='page_1' title='image "./hermannivenemai03venegoog_0235.png"; bbox 0 0 3104 4814; ppageno 0'>
   <div class='ocr_carea' id='block_1_1' title="bbox 1252 420 1257 429">
    <p class='ocr_par' dir='ltr' id='par_1_1' title="bbox 1252 420 1257 429">
     <span class='ocr_line' id='line_1_1' title="bbox 1252 420 1257 429; baseline 0 0"><span class='ocrx_word' id='word_1_1' title='bbox 1252 420 1257 429; x_wconf 75' lang='grc' dir='ltr'>ι</span> 
     </span>
    </p>
   </div>
   <div class='ocr_carea' id='block_1_2' title="bbox 156 603 992 714">
    <p class='ocr_par' dir='ltr' id='par_1_2' title="bbox 156 603 992 714">
     <span class='ocr_line' id='line_1_2' title="bbox 156 603 992 714; baseline -0.004 -18"><span class='ocrx_word' id='word_1_2' title='bbox 156 615 235 697; x_wconf 71' lang='lat'>&#39;226</span> <span class='ocrx_word' id='word_1_3' title='bbox 544 603 693 706; x_wconf 64' lang='lat' dir='ltr'>lustrata</span> <span class='ocrx_word' id='word_1_4' title='bbox 719 606 847 707; x_wconf 81' lang='lat' dir='ltr'>Eccles.</span> <span class='ocrx_word' id='word_1_5' title='bbox 858 609 992 714; x_wconf 58' lang='lat' dir='ltr'>&#39;sitiit</span> 
     </span>
    </p>
   </div>
   <div class='ocr_carea' id='block_1_3' title="bbox 147 785 1419 4203">
    <p class='ocr_par' dir='ltr' id='par_1_3' title="bbox 147 785 1419 4203">
     <span class='ocr_line' id='line_1_3' title="bbox 163 785 1394 889; baseline 0.001 -19"><span class='ocrx_word' id='word_1_6' title='bbox 163 794 304 871; x_wconf 79' lang='lat' dir='ltr'>ficano</span> <span class='ocrx_word' id='word_1_7' title='bbox 326 811 366 864; x_wconf 85' lang='lat' dir='ltr'>ac</span> <span class='ocrx_word' id='word_1_8' title='bbox 390 788 576 888; x_wconf 76' lang='lat' dir='ltr'>signatam,</span> <span class='ocrx_word' id='word_1_9' title='bbox 605 785 745 884; x_wconf 77' lang='lat' dir='ltr'>prorsus</span> <span class='ocrx_word' id='word_1_10' title='bbox 769 808 936 888; x_wconf 81' lang='lat' dir='ltr'>nequeat,</span> <span class='ocrx_word' id='word_1_11' title='bbox 968 790 1062 889; x_wconf 89' lang='lat' dir='ltr'>quo&#39;d</span> <span class='ocrx_word' id='word_1_12' title='bbox 1091 802 1190 869; x_wconf 72' lang='lat' dir='ltr'>totus</span> <span class='ocrx_word' id='word_1_13' title='bbox 1212 792 1394 872; x_wconf 75' lang='lat' dir='ltr'>orationis</span> 
     </span>
     <span class='ocr_line' id='line_1_4' title="bbox 163 884 1390 984; baseline -0.002 -16"><span class='ocrx_word' id='word_1_14' title='bbox 163 912 246 968; x_wconf 87' lang='lat' dir='ltr'>coru</span> <span class='ocrx_word' id='word_1_15' title='bbox 273 889 368 962; x_wconf 83' lang='lat' dir='ltr'>lexus</span> <span class='ocrx_word' id='word_1_16' title='bbox 393 906 492 962; x_wconf 84' lang='lat' dir='ltr'>extra</span> <span class='ocrx_word' id='word_1_17' title='bbox 515 884 660 960; x_wconf 87' lang='lat' dir='ltr'>dubium</span> <span class='ocrx_word' id='word_1_18' title='bbox 684 885 848 964; x_wconf 87' lang='lat' dir='ltr'>collocat.</span> <span class='ocrx_word' id='word_1_19' title='bbox 898 888 1195 984; x_wconf 74' lang='lat' dir='ltr'>Prosubstuntiali</span> <span class='ocrx_word' id='word_1_20' title='bbox 1219 895 1390 966; x_wconf 87' lang='lat' dir='ltr'>mutatio·</span> 
     </span>
     <span class='ocr_line' id='line_1_5' title="bbox 161 911 1392 1084; baseline 0 -22"><span class='ocrx_word' id='word_1_21' title='bbox 161 1011 210 1062; x_wconf 89' lang='lat' dir='ltr'>ue</span> <span class='ocrx_word' id='word_1_22' title='bbox 235 911 338 1074; x_wconf 60' lang='lat' dir='ltr'>deit,</span> <span class='ocrx_word' id='word_1_23' title='bbox 364 1004 403 1058; x_wconf 95' lang='lat' dir='ltr'>ut</span> <span class='ocrx_word' id='word_1_24' title='bbox 428 981 586 1072; x_wconf 86' lang='lat' dir='ltr'>videtur,</span> <span class='ocrx_word' id='word_1_25' title='bbox 611 986 705 1078; x_wconf 90' lang='lat' dir='ltr'>quod</span> <span class='ocrx_word' id='word_1_26' title='bbox 731 1006 764 1059; x_wconf 90' lang='lat'>1.</span> <span class='ocrx_word' id='word_1_27' title='bbox 792 1009 898 1063; x_wconf 89' lang='lat' dir='ltr'>uuum</span> <span class='ocrx_word' id='word_1_28' title='bbox 925 986 1087 1083; x_wconf 83' lang='lat' dir='ltr'><strong>idemque</strong></span> <span class='ocrx_word' id='word_1_29' title='bbox 1110 1009 1241 1084; x_wconf 77' lang='lat' dir='ltr'>corpus</span> <span class='ocrx_word' id='word_1_30' title='bbox 1257 986 1392 1073; x_wconf 76' lang='lat' dir='ltr'>Christi</span> 
     </span>
     <span class='ocr_line' id='line_1_6' title="bbox 163 1081 1393 1179; baseline 0.001 -21"><span class='ocrx_word' id='word_1_31' title='bbox 163 1081 244 1158; x_wconf 88' lang='lat' dir='ltr'>fieri</span> <span class='ocrx_word' id='word_1_32' title='bbox 269 1082 537 1179; x_wconf 84' lang='lat' dir='ltr'>dicatpunem,</span> <span class='ocrx_word' id='word_1_33' title='bbox 573 1102 607 1153; x_wconf 85' lang='lat'>2.</span> <span class='ocrx_word' id='word_1_34' title='bbox 634 1102 714 1153; x_wconf 85' lang='lat' dir='ltr'>eum</span> <span class='ocrx_word' id='word_1_35' title='bbox 740 1103 851 1175; x_wconf 88' lang='lat' dir='ltr'>pane,</span> <span class='ocrx_word' id='word_1_36' title='bbox 890 1082 950 1178; x_wconf 92' lang='lat' dir='ltr'>qui</span> <span class='ocrx_word' id='word_1_37' title='bbox 983 1105 1003 1155; x_wconf 88' lang='lat' dir='ltr'>a</span> <span class='ocrx_word' id='word_1_38' title='bbox 1032 1082 1133 1160; x_wconf 84' lang='lat' dir='ltr'>nobis</span> <span class='ocrx_word' id='word_1_39' title='bbox 1165 1083 1393 1178; x_wconf 79' lang='lat' dir='ltr'>comeditur,</span> 
     </span>
     <span class='ocr_line' id='line_1_7' title="bbox 162 1174 1388 1277; baseline 0 -22"><span class='ocrx_word' id='word_1_40' title='bbox 162 1180 202 1255; x_wconf 93' lang='lat' dir='ltr'>in</span> <span class='ocrx_word' id='word_1_41' title='bbox 231 1199 386 1252; x_wconf 85' lang='lat' dir='ltr'>naturam</span> <span class='ocrx_word' id='word_1_42' title='bbox 412 1174 563 1251; x_wconf 88' lang='lat' dir='ltr'>nostram</span> <span class='ocrx_word' id='word_1_43' title='bbox 589 1175 781 1266; x_wconf 90' lang='lat' dir='ltr'>converso,</span> <span class='ocrx_word' id='word_1_44' title='bbox 821 1198 1064 1274; x_wconf 85' lang='lat' dir='ltr'>comparetur,</span> <span class='ocrx_word' id='word_1_45' title='bbox 1096 1205 1129 1277; x_wconf 83' lang='lat'>3.</span> <span class='ocrx_word' id='word_1_46' title='bbox 1155 1180 1274 1255; x_wconf 89' lang='lat' dir='ltr'>unitio</span> <span class='ocrx_word' id='word_1_47' title='bbox 1302 1203 1388 1263; x_wconf 86' lang='lat' dir='ltr'>cum</span> 
     </span>
     <span class='ocr_line' id='line_1_8' title="bbox 161 1270 1391 1370; baseline 0.002 -19"><span class='ocrx_word' id='word_1_48' title='bbox 161 1274 285 1351; x_wconf 89' lang='lat' dir='ltr'>divina</span> <span class='ocrx_word' id='word_1_49' title='bbox 309 1292 430 1347; x_wconf 88' lang='lat' dir='ltr'>natura</span> <span class='ocrx_word' id='word_1_50' title='bbox 454 1296 524 1347; x_wconf 93' lang='lat' dir='ltr'>non</span> <span class='ocrx_word' id='word_1_51' title='bbox 557 1270 598 1344; x_wconf 85' lang='lat' dir='ltr'>stt</span> <span class='ocrx_word' id='word_1_52' title='bbox 619 1271 796 1367; x_wconf 66' lang='grc' dir='ltr'>μιτόέολη,</span> <span class='ocrx_word' id='word_1_53' title='bbox 833 1272 909 1370; x_wconf 92' lang='lat' dir='ltr'>ipsu</span> <span class='ocrx_word' id='word_1_54' title='bbox 947 1276 1110 1370; x_wconf 89' lang='lat' dir='ltr'>Johanne</span> <span class='ocrx_word' id='word_1_55' title='bbox 1143 1296 1267 1352; x_wconf 87' lang='lat' dir='ltr'>contra</span> <span class='ocrx_word' id='word_1_56' title='bbox 1291 1279 1391 1368; x_wconf 48' lang='lat' dir='ltr'>Aee?</span> 
     </span>
     <span class='ocr_line' id='line_1_9' title="bbox 160 1369 1386 1475; baseline 0.006 -30"><span class='ocrx_word' id='word_1_57' title='bbox 160 1373 284 1475; x_wconf 85' lang='lat' dir='ltr'>phalos</span> <span class='ocrx_word' id='word_1_58' title='bbox 310 1370 535 1459; x_wconf 85' lang='lat' dir='ltr'>adfirmante,</span> <span class='ocrx_word' id='word_1_59' title='bbox 559 1369 637 1460; x_wconf 87' lang='lat' dir='ltr'>ubi,</span> <span class='ocrx_word' id='word_1_60' title='bbox 664 1375 836 1443; x_wconf 82' lang='lat' dir='ltr'>unitionem</span> <span class='ocrx_word' id='word_1_61' title='bbox 851 1387 1048 1446; x_wconf 86' lang='lat' dir='ltr'>naturatum</span> <span class='ocrx_word' id='word_1_62' title='bbox 1063 1371 1100 1445; x_wconf 93' lang='lat' dir='ltr'>in</span> <span class='ocrx_word' id='word_1_63' title='bbox 1120 1372 1281 1447; x_wconf 86' lang='lat' dir='ltr'>Domino</span> <span class='ocrx_word' id='word_1_64' title='bbox 1309 1396 1386 1452; x_wconf 86' lang='lat' dir='ltr'>uon</span> 
     </span>
     <span class='ocr_line' id='line_1_10' title="bbox 160 1463 1387 1572; baseline 0 -29"><span class='ocrx_word' id='word_1_65' title='bbox 160 1472 337 1572; x_wconf 64' lang='lat' dir='ltr'>praeconat</span> <span class='ocrx_word' id='word_1_66' title='bbox 361 1465 430 1540; x_wconf 85' lang='lat' dir='ltr'>effe</span> <span class='ocrx_word' id='word_1_67' title='bbox 456 1463 611 1554; x_wconf 68' lang='lat' dir='ltr'>fabiam,</span> <span class='ocrx_word' id='word_1_68' title='bbox 634 1464 777 1542; x_wconf 84' lang='lat' dir='ltr'>illustrat</span> <span class='ocrx_word' id='word_1_69' title='bbox 802 1469 965 1563; x_wconf 85' lang='lat' dir='ltr'>exemplo</span> <span class='ocrx_word' id='word_1_70' title='bbox 990 1470 1128 1564; x_wconf 83' lang='lat' dir='ltr'>corporis</span> <span class='ocrx_word' id='word_1_71' title='bbox 1145 1473 1219 1564; x_wconf 79' lang='lat' dir='ltr'>igue</span> <span class='ocrx_word' id='word_1_72' title='bbox 1242 1472 1387 1554; x_wconf 84' lang='lat' dir='ltr'>cauden·</span> 
     </span>
     <span class='ocr_line' id='line_1_11' title="bbox 161 1562 1393 1662; baseline -0.006 -16"><span class='ocrx_word' id='word_1_73' title='bbox 161 1576 230 1658; x_wconf 79' lang='lat' dir='ltr'>tis‚·</span> <span class='ocrx_word' id='word_1_74' title='bbox 266 1568 424 1653; x_wconf 82' lang='lat' dir='ltr'>candens,</span> <span class='ocrx_word' id='word_1_75' title='bbox 457 1562 591 1659; x_wconf 88' lang='lat' dir='ltr'>inquit,</span> <span class='ocrx_word' id='word_1_76' title='bbox 624 1586 685 1636; x_wconf 83' lang='lat' dir='ltr'>nou</span> <span class='ocrx_word' id='word_1_77' title='bbox 711 1568 782 1660; x_wconf 82' lang='lat' dir='ltr'>ejus</span> <span class='ocrx_word' id='word_1_78' title='bbox 805 1567 874 1651; x_wconf 81' lang='lat' dir='ltr'>rei,</span> <span class='ocrx_word' id='word_1_79' title='bbox 906 1587 988 1657; x_wconf 77' lang='lat' dir='ltr'>quac</span> <span class='ocrx_word' id='word_1_80' title='bbox 1009 1565 1168 1660; x_wconf 82' lang='lat' dir='ltr'>ignescit,</span> <span class='ocrx_word' id='word_1_81' title='bbox 1207 1571 1393 1662; x_wconf 65' lang='grc' dir='ltr'>μταΰολη</span> 
     </span>
     <span class='ocr_line' id='line_1_12' title="bbox 161 1655 1392 1762; baseline -0.005 -16"><span class='ocrx_word' id='word_1_82' title='bbox 161 1662 393 1758; x_wconf 79' lang='lat' dir='ltr'>cunturstuueur</span> <span class='ocrx_word' id='word_1_83' title='bbox 409 1661 574 1747; x_wconf 89' lang='lat' dir='ltr'>denotat,</span> <span class='ocrx_word' id='word_1_84' title='bbox 588 1655 653 1752; x_wconf 84' lang='lat' dir='ltr'>sed</span> <span class='ocrx_word' id='word_1_85' title='bbox 667 1664 812 1735; x_wconf 81' lang='lat' dir='ltr'>unionem</span> <span class='ocrx_word' id='word_1_86' title='bbox 828 1683 900 1732; x_wconf 85' lang='lat' dir='ltr'>cum</span> <span class='ocrx_word' id='word_1_87' title='bbox 916 1664 1000 1755; x_wconf 85' lang='lat' dir='ltr'>igue.</span> <span class='ocrx_word' id='word_1_88' title='bbox 1047 1662 1225 1760; x_wconf 89' lang='lat' dir='ltr'>Denique·</span> <span class='ocrx_word' id='word_1_89' title='bbox 1235 1687 1272 1756; x_wconf 86' lang='lat'>4.</span> <span class='ocrx_word' id='word_1_90' title='bbox 1289 1663 1392 1762; x_wconf 78' lang='lat' dir='ltr'>quod</span> 
     </span>
     <span class='ocr_line' id='line_1_13' title="bbox 162 1754 1386 1857; baseline -0.006 -15"><span class='ocrx_word' id='word_1_91' title='bbox 162 1768 239 1842; x_wconf 88' lang='lat' dir='ltr'>vim</span> <span class='ocrx_word' id='word_1_92' title='bbox 263 1764 304 1836; x_wconf 88' lang='lat' dir='ltr'>ad</span> <span class='ocrx_word' id='word_1_93' title='bbox 332 1763 424 1834; x_wconf 89' lang='lat' dir='ltr'>hanc</span> <span class='ocrx_word' id='word_1_94' title='bbox 441 1754 717 1830; x_wconf 76' lang='lat' dir='ltr'>&#39;couverfionem</span> <span class='ocrx_word' id='word_1_95' title='bbox 748 1755 942 1830; x_wconf 84' lang='lat' dir='ltr'>faciendam</span> <span class='ocrx_word' id='word_1_96' title='bbox 973 1757 1128 1853; x_wconf 85' lang='lat' dir='ltr'>requirat</span> <span class='ocrx_word' id='word_1_97' title='bbox 1152 1763 1386 1857; x_wconf 85' lang='lat' dir='ltr'>omnipoten-¹</span> 
     </span>
     <span class='ocr_line' id='line_1_14' title="bbox 162 1850 1388 1952; baseline 0.001 -22"><span class='ocrx_word' id='word_1_98' title='bbox 162 1881 258 1947; x_wconf 81' lang='lat' dir='ltr'>tem,</span> <span class='ocrx_word' id='word_1_99' title='bbox 284 1876 322 1929; x_wconf 92' lang='lat' dir='ltr'>et</span> <span class='ocrx_word' id='word_1_100' title='bbox 347 1858 382 1930; x_wconf 88' lang='lat' dir='ltr'>se</span> <span class='ocrx_word' id='word_1_101' title='bbox 405 1854 549 1924; x_wconf 90' lang='lat' dir='ltr'>modum</span> <span class='ocrx_word' id='word_1_102' title='bbox 575 1850 670 1924; x_wconf 88' lang='lat' dir='ltr'>dicat</span> <span class='ocrx_word' id='word_1_103' title='bbox 696 1851 870 1949; x_wconf 85' lang='lat' dir='ltr'>ignorare.</span> <span class='ocrx_word' id='word_1_104' title='bbox 921 1853 1059 1926; x_wconf 88' lang='lat' dir='ltr'>Verum</span> <span class='ocrx_word' id='word_1_105' title='bbox 1082 1855 1126 1928; x_wconf 87' lang='lat' dir='ltr'>ab</span> <span class='ocrx_word' id='word_1_106' title='bbox 1148 1855 1256 1931; x_wconf 84' lang='lat' dir='ltr'>altera</span> <span class='ocrx_word' id='word_1_107' title='bbox 1279 1873 1388 1952; x_wconf 70' lang='lat' dir='ltr'>parte</span> 
     </span>
     <span class='ocr_line' id='line_1_15' title="bbox 189 1946 1386 2049; baseline 0.003 -25"><span class='ocrx_word' id='word_1_108' title='bbox 189 1985 229 2034; x_wconf 73' lang='lat'>10</span> <span class='ocrx_word' id='word_1_109' title='bbox 253 1949 453 2049; x_wconf 81' lang='lat' dir='ltr'>qualitatum</span> <span class='ocrx_word' id='word_1_110' title='bbox 487 1946 704 2020; x_wconf 89' lang='lat' dir='ltr'>internarum</span> <span class='ocrx_word' id='word_1_111' title='bbox 738 1949 1039 2040; x_wconf 85' lang='lat' dir='ltr'>commutatione,</span> <span class='ocrx_word' id='word_1_112' title='bbox 1077 1967 1115 2023; x_wconf 88' lang='lat' dir='ltr'>et</span> <span class='ocrx_word' id='word_1_113' title='bbox 1147 1972 1270 2028; x_wconf 89' lang='lat' dir='ltr'>contra</span> <span class='ocrx_word' id='word_1_114' title='bbox 1302 1950 1386 2028; x_wconf 89' lang='lat' dir='ltr'>sub·</span> 
     </span>
     <span class='ocr_line' id='line_1_16' title="bbox 160 1982 1388 2141; baseline -0.002 -15"><span class='ocrx_word' id='word_1_115' title='bbox 160 1982 377 2134; x_wconf 59' lang='lat' dir='ltr'>Kantialem,</span> <span class='ocrx_word' id='word_1_116' title='bbox 395 2060 553 2141; x_wconf 85' lang='lat' dir='ltr'>pugnant</span> <span class='ocrx_word' id='word_1_117' title='bbox 568 2040 771 2138; x_wconf 87' lang='lat' dir='ltr'>sequentes,</span> <span class='ocrx_word' id='word_1_118' title='bbox 788 2065 826 2118; x_wconf 91' lang='lat' dir='ltr'>et</span> <span class='ocrx_word' id='word_1_119' title='bbox 842 2043 1041 2140; x_wconf 80' lang='lat' dir='ltr'>graviores,</span> <span class='ocrx_word' id='word_1_120' title='bbox 1058 2045 1225 2125; x_wconf 86' lang='lat' dir='ltr'>rationes.</span> <span class='ocrx_word' id='word_1_121' title='bbox 1251 2071 1285 2124; x_wconf 91' lang='lat' dir='ltr'>r.</span> <span class='ocrx_word' id='word_1_122' title='bbox 1303 2049 1388 2124; x_wconf 88' lang='lat' dir='ltr'>Ne·</span> 
     </span>
     <span class='ocr_line' id='line_1_17' title="bbox 208 2138 1385 2244; baseline 0.005 -26"><span class='ocrx_word' id='word_1_123' title='bbox 208 2169 223 2222; x_wconf 93' lang='lat' dir='ltr'>t</span> <span class='ocrx_word' id='word_1_124' title='bbox 251 2139 430 2238; x_wconf 82' lang='lat' dir='ltr'>expresse,</span> <span class='ocrx_word' id='word_1_125' title='bbox 454 2161 582 2234; x_wconf 83' lang='lat' dir='ltr'>corpus</span> <span class='ocrx_word' id='word_1_126' title='bbox 598 2138 727 2213; x_wconf 87' lang='lat' dir='ltr'>Christi</span> <span class='ocrx_word' id='word_1_127' title='bbox 752 2141 794 2216; x_wconf 86' lang='lat' dir='ltr'>ad</span> <span class='ocrx_word' id='word_1_128' title='bbox 815 2141 853 2214; x_wconf 88' lang='lat' dir='ltr'>id</span> <span class='ocrx_word' id='word_1_129' title='bbox 870 2164 890 2214; x_wconf 91' lang='lat' dir='ltr'>e</span> <span class='ocrx_word' id='word_1_130' title='bbox 906 2141 1010 2214; x_wconf 87' lang='lat' dir='ltr'>coelo</span> <span class='ocrx_word' id='word_1_131' title='bbox 1026 2141 1258 2235; x_wconf 85' lang='lat' dir='ltr'>descendere,</span> <span class='ocrx_word' id='word_1_132' title='bbox 1285 2144 1385 2244; x_wconf 82' lang='lat' dir='ltr'>quod</span> 
     </span>
     <span class='ocr_line' id='line_1_18' title="bbox 158 2173 1390 2333; baseline -0.002 -11"><span class='ocrx_word' id='word_1_133' title='bbox 158 2173 238 2322; x_wconf 49' lang='lat' dir='ltr'>{dri</span> <span class='ocrx_word' id='word_1_134' title='bbox 264 2240 430 2326; x_wconf 87' lang='lat' dir='ltr'>deberet,</span> <span class='ocrx_word' id='word_1_135' title='bbox 458 2233 482 2309; x_wconf 88' lang='lat' dir='ltr'>sr</span> <span class='ocrx_word' id='word_1_136' title='bbox 502 2232 575 2333; x_wconf 86' lang='lat' dir='ltr'>ipsa</span> <span class='ocrx_word' id='word_1_137' title='bbox 592 2235 665 2328; x_wconf 88' lang='lat' dir='ltr'>ejus</span> <span class='ocrx_word' id='word_1_138' title='bbox 689 2234 873 2311; x_wconf 87' lang='lat' dir='ltr'>substantia</span> <span class='ocrx_word' id='word_1_139' title='bbox 893 2235 942 2308; x_wconf 90' lang='lat' dir='ltr'>ibi</span> <span class='ocrx_word' id='word_1_140' title='bbox 966 2235 1108 2312; x_wconf 78' lang='lat' dir='ltr'>adeffeu</span> <span class='ocrx_word' id='word_1_141' title='bbox 1158 2261 1195 2315; x_wconf 83' lang='lat'>2.</span> <span class='ocrx_word' id='word_1_142' title='bbox 1217 2240 1390 2319; x_wconf 78' lang='lat' dir='ltr'>Mutatio</span> 
     </span>
     <span class='ocr_line' id='line_1_19' title="bbox 159 2331 1384 2442; baseline -0.002 -26"><span class='ocrx_word' id='word_1_143' title='bbox 159 2341 259 2442; x_wconf 87' lang='lat' dir='ltr'>panis</span> <span class='ocrx_word' id='word_1_144' title='bbox 283 2352 318 2408; x_wconf 91' lang='lat' dir='ltr'>et</span> <span class='ocrx_word' id='word_1_145' title='bbox 344 2331 422 2410; x_wconf 89' lang='lat' dir='ltr'>vini</span> <span class='ocrx_word' id='word_1_146' title='bbox 444 2351 668 2429; x_wconf 82' lang='lat' dir='ltr'>comparatur</span> <span class='ocrx_word' id='word_1_147' title='bbox 698 2356 777 2407; x_wconf 91' lang='lat' dir='ltr'>cum</span> <span class='ocrx_word' id='word_1_148' title='bbox 808 2355 849 2405; x_wconf 89' lang='lat' dir='ltr'>ea</span> <span class='ocrx_word' id='word_1_149' title='bbox 882 2355 989 2427; x_wconf 85' lang='lat' dir='ltr'>aquae</span> <span class='ocrx_word' id='word_1_150' title='bbox 1020 2333 1058 2407; x_wconf 94' lang='lat' dir='ltr'>in</span> <span class='ocrx_word' id='word_1_151' title='bbox 1085 2335 1278 2428; x_wconf 87' lang='lat' dir='ltr'>baptismo,</span> <span class='ocrx_word' id='word_1_152' title='bbox 1319 2336 1384 2418; x_wconf 85' lang='lat' dir='ltr'>ubi</span> 
     </span>
     <span class='ocr_line' id='line_1_20' title="bbox 161 2427 1381 2528; baseline -0.004 -13"><span class='ocrx_word' id='word_1_153' title='bbox 161 2439 276 2516; x_wconf 90' lang='lat' dir='ltr'>verbo</span> <span class='ocrx_word' id='word_1_154' title='bbox 302 2436 461 2509; x_wconf 68' lang='lat' dir='ltr'>uttenbura</span> <span class='ocrx_word' id='word_1_155' title='bbox 483 2431 589 2518; x_wconf 87' lang='lat' dir='ltr'>etiam</span> <span class='ocrx_word' id='word_1_156' title='bbox 618 2428 747 2519; x_wconf 89' lang='lat' dir='ltr'>utitur,</span> <span class='ocrx_word' id='word_1_157' title='bbox 788 2448 826 2502; x_wconf 91' lang='lat' dir='ltr'>et</span> <span class='ocrx_word' id='word_1_158' title='bbox 856 2427 991 2524; x_wconf 87' lang='lat' dir='ltr'>spiritus</span> <span class='ocrx_word' id='word_1_159' title='bbox 1026 2428 1100 2502; x_wconf 84' lang='lat' dir='ltr'>sese</span> <span class='ocrx_word' id='word_1_160' title='bbox 1120 2455 1246 2528; x_wconf 86' lang='lat' dir='ltr'>aquae,</span> <span class='ocrx_word' id='word_1_161' title='bbox 1285 2435 1381 2518; x_wconf 81' lang='lat' dir='ltr'>salva</span> 
     </span>
     <span class='ocr_line' id='line_1_21' title="bbox 158 2523 1388 2635; baseline -0.002 -25"><span class='ocrx_word' id='word_1_162' title='bbox 158 2538 234 2635; x_wconf 81' lang='lat' dir='ltr'>ejus</span> <span class='ocrx_word' id='word_1_163' title='bbox 251 2530 456 2616; x_wconf 87' lang='lat' dir='ltr'>substantia,</span> <span class='ocrx_word' id='word_1_164' title='bbox 483 2545 617 2598; x_wconf 88' lang='lat' dir='ltr'>tautum</span> <span class='ocrx_word' id='word_1_165' title='bbox 634 2523 964 2622; x_wconf 75' lang='lat' dir='ltr'>respeeiuvirtutis,</span> <span class='ocrx_word' id='word_1_166' title='bbox 989 2524 1166 2621; x_wconf 79' lang='lat' dir='ltr'>adjungit,</span> <span class='ocrx_word' id='word_1_167' title='bbox 1201 2530 1295 2625; x_wconf 88' lang='lat' dir='ltr'>quod</span> <span class='ocrx_word' id='word_1_168' title='bbox 1314 2530 1388 2607; x_wconf 86' lang='lat' dir='ltr'>ita·</span> 
     </span>
     <span class='ocr_line' id='line_1_22' title="bbox 158 2619 1384 2733; baseline -0.005 -26"><span class='ocrx_word' id='word_1_169' title='bbox 158 2657 228 2733; x_wconf 90' lang='lat' dir='ltr'>que</span> <span class='ocrx_word' id='word_1_170' title='bbox 254 2647 292 2703; x_wconf 91' lang='lat' dir='ltr'>et</span> <span class='ocrx_word' id='word_1_171' title='bbox 315 2627 351 2701; x_wconf 92' lang='lat' dir='ltr'>in</span> <span class='ocrx_word' id='word_1_172' title='bbox 381 2619 584 2698; x_wconf 82' lang='lat' dir='ltr'>eucharistia</span> <span class='ocrx_word' id='word_1_173' title='bbox 611 2622 728 2696; x_wconf 90' lang='lat' dir='ltr'>locum</span> <span class='ocrx_word' id='word_1_174' title='bbox 758 2622 888 2695; x_wconf 89' lang='lat' dir='ltr'>habere</span> <span class='ocrx_word' id='word_1_175' title='bbox 915 2621 1033 2696; x_wconf 91' lang='lat' dir='ltr'>debet.</span> <span class='ocrx_word' id='word_1_176' title='bbox 1086 2643 1119 2716; x_wconf 80' lang='lat'>3.</span> <span class='ocrx_word' id='word_1_177' title='bbox 1145 2622 1225 2721; x_wconf 88' lang='lat' dir='ltr'>Quo</span> <span class='ocrx_word' id='word_1_178' title='bbox 1250 2628 1384 2707; x_wconf 86' lang='lat' dir='ltr'>eodem</span> 
     </span>
     <span class='ocr_line' id='line_1_23' title="bbox 159 2715 1383 2822; baseline -0.009 -16"><span class='ocrx_word' id='word_1_179' title='bbox 159 2734 252 2806; x_wconf 84' lang='lat' dir='ltr'>clare</span> <span class='ocrx_word' id='word_1_180' title='bbox 279 2722 394 2800; x_wconf 88' lang='lat' dir='ltr'>tendit</span> <span class='ocrx_word' id='word_1_181' title='bbox 419 2715 654 2814; x_wconf 86' lang='lat' dir='ltr'>comparatio,</span> <span class='ocrx_word' id='word_1_182' title='bbox 679 2741 780 2816; x_wconf 89' lang='lat' dir='ltr'>quam</span> <span class='ocrx_word' id='word_1_183' title='bbox 803 2717 965 2806; x_wconf 86' lang='lat' dir='ltr'>adhibet,</span> <span class='ocrx_word' id='word_1_184' title='bbox 989 2741 1008 2788; x_wconf 89' lang='lat' dir='ltr'>a</span> <span class='ocrx_word' id='word_1_185' title='bbox 1032 2722 1203 2808; x_wconf 88' lang='lat' dir='ltr'>carbone,</span> <span class='ocrx_word' id='word_1_186' title='bbox 1229 2722 1288 2797; x_wconf 87' lang='lat' dir='ltr'>seu</span> <span class='ocrx_word' id='word_1_187' title='bbox 1312 2723 1383 2822; x_wconf 86' lang='lat' dir='ltr'>lig-</span> 
     </span>
     <span class='ocr_line' id='line_1_24' title="bbox 159 2809 1387 2922; baseline -0.005 -25"><span class='ocrx_word' id='word_1_188' title='bbox 159 2851 209 2904; x_wconf 83' lang='lat' dir='ltr'>no</span> <span class='ocrx_word' id='word_1_189' title='bbox 231 2823 307 2922; x_wconf 86' lang='lat' dir='ltr'>igni</span> <span class='ocrx_word' id='word_1_190' title='bbox 330 2822 449 2907; x_wconf 92' lang='lat' dir='ltr'>unito,</span> <span class='ocrx_word' id='word_1_191' title='bbox 476 2813 650 2889; x_wconf 77' lang='lat' dir='ltr'>desumo:</span> <span class='ocrx_word' id='word_1_192' title='bbox 683 2816 748 2906; x_wconf 84' lang='lat' dir='ltr'>src,</span> <span class='ocrx_word' id='word_1_193' title='bbox 784 2815 853 2905; x_wconf 91' lang='lat' dir='ltr'>ait,</span> <span class='ocrx_word' id='word_1_194' title='bbox 888 2833 959 2885; x_wconf 92' lang='lat' dir='ltr'>nou</span> <span class='ocrx_word' id='word_1_195' title='bbox 984 2809 1036 2885; x_wconf 88' lang='lat' dir='ltr'>est</span> <span class='ocrx_word' id='word_1_196' title='bbox 1059 2814 1146 2914; x_wconf 63' lang='lat' dir='ltr'>rigua</span> <span class='ocrx_word' id='word_1_197' title='bbox 1166 2817 1246 2896; x_wconf 62' lang='lat' dir='ltr'>atuh</span> <span class='ocrx_word' id='word_1_198' title='bbox 1275 2825 1387 2903; x_wconf 68' lang='lat' dir='ltr'>nudae</span> 
     </span>
     <span class='ocr_line' id='line_1_25' title="bbox 159 2909 1382 3020; baseline -0.002 -25"><span class='ocrx_word' id='word_1_199' title='bbox 159 2921 262 3020; x_wconf 85' lang='lat' dir='ltr'>panis</span> <span class='ocrx_word' id='word_1_200' title='bbox 280 2937 318 2990; x_wconf 91' lang='lat' dir='ltr'>et</span> <span class='ocrx_word' id='word_1_201' title='bbox 336 2914 495 3007; x_wconf 78' lang='lat' dir='ltr'>stmplrx,</span> <span class='ocrx_word' id='word_1_202' title='bbox 535 2911 594 2982; x_wconf 89' lang='lat' dir='ltr'>sed</span> <span class='ocrx_word' id='word_1_203' title='bbox 618 2914 787 2987; x_wconf 78' lang='lat' dir='ltr'>diuinitati</span> <span class='ocrx_word' id='word_1_204' title='bbox 809 2913 930 2984; x_wconf 81' lang='lat' dir='ltr'>unitus.</span> <span class='ocrx_word' id='word_1_205' title='bbox 979 2909 1061 3008; x_wconf 87' lang='lat' dir='ltr'>Quo</span> <span class='ocrx_word' id='word_1_206' title='bbox 1086 2937 1121 3003; x_wconf 85' lang='lat'>4.</span> <span class='ocrx_word' id='word_1_207' title='bbox 1147 2916 1254 2990; x_wconf 91' lang='lat' dir='ltr'>etiam</span> <span class='ocrx_word' id='word_1_208' title='bbox 1267 2916 1382 3011; x_wconf 79' lang='lat' dir='ltr'>facit,</span> 
     </span>
     <span class='ocr_line' id='line_1_26' title="bbox 158 3011 1383 3115; baseline 0.001 -28"><span class='ocrx_word' id='word_1_209' title='bbox 158 3014 252 3115; x_wconf 92' lang='lat' dir='ltr'>quod</span> <span class='ocrx_word' id='word_1_210' title='bbox 277 3015 388 3086; x_wconf 86' lang='lat' dir='ltr'>verbo</span> <span class='ocrx_word' id='word_1_211' title='bbox 422 3011 656 3101; x_wconf 66' lang='lat' dir='ltr'>preaaruubar</span> <span class='ocrx_word' id='word_1_212' title='bbox 687 3028 724 3080; x_wconf 87' lang='lat' dir='ltr'>et</span> <span class='ocrx_word' id='word_1_213' title='bbox 760 3029 832 3079; x_wconf 85' lang='lat' dir='ltr'>non</span> <span class='ocrx_word' id='word_1_214' title='bbox 864 3012 1075 3105; x_wconf 68' lang='grc' dir='ltr'>μετασιὲσθαι</span> <span class='ocrx_word' id='word_1_215' title='bbox 1111 3028 1246 3087; x_wconf 82' lang='lat' dir='ltr'>utatur:</span> <span class='ocrx_word' id='word_1_216' title='bbox 1285 3035 1383 3110; x_wconf 75' lang='lat' dir='ltr'>quae</span> 
     </span>
     <span class='ocr_line' id='line_1_27' title="bbox 156 3101 1381 3205; baseline 0.001 -20"><span class='ocrx_word' id='word_1_217' title='bbox 156 3111 267 3189; x_wconf 87' lang='lat' dir='ltr'>verba</span> <span class='ocrx_word' id='word_1_218' title='bbox 290 3103 437 3180; x_wconf 88' lang='lat' dir='ltr'>omnino</span> <span class='ocrx_word' id='word_1_219' title='bbox 460 3101 648 3193; x_wconf 87' lang='lat' dir='ltr'>differunt,</span> <span class='ocrx_word' id='word_1_220' title='bbox 687 3120 725 3174; x_wconf 91' lang='lat' dir='ltr'>et</span> <span class='ocrx_word' id='word_1_221' title='bbox 756 3102 852 3196; x_wconf 89' lang='lat' dir='ltr'>prius</span> <span class='ocrx_word' id='word_1_222' title='bbox 885 3103 935 3176; x_wconf 89' lang='lat' dir='ltr'>est</span> <span class='ocrx_word' id='word_1_223' title='bbox 958 3104 1153 3179; x_wconf 83' lang='lat' dir='ltr'>Veteribus</span> <span class='ocrx_word' id='word_1_224' title='bbox 1185 3107 1381 3205; x_wconf 85' lang='lat' dir='ltr'>frequente</span> 
     </span>
     <span class='ocr_line' id='line_1_28' title="bbox 154 3198 1395 3301; baseline -0.001 -18"><span class='ocrx_word' id='word_1_225' title='bbox 154 3209 196 3286; x_wconf 93' lang='lat' dir='ltr'>in</span> <span class='ocrx_word' id='word_1_226' title='bbox 222 3204 283 3279; x_wconf 92' lang='lat' dir='ltr'>usu</span> <span class='ocrx_word' id='word_1_227' title='bbox 304 3228 370 3301; x_wconf 90' lang='lat' dir='ltr'>pro</span> <span class='ocrx_word' id='word_1_228' title='bbox 392 3198 700 3297; x_wconf 61' lang='lat' dir='ltr'>trunffurmutituc,</span> <span class='ocrx_word' id='word_1_229' title='bbox 726 3216 762 3269; x_wconf 93' lang='lat' dir='ltr'>et</span> <span class='ocrx_word' id='word_1_230' title='bbox 778 3198 822 3271; x_wconf 91' lang='lat' dir='ltr'>de</span> <span class='ocrx_word' id='word_1_231' title='bbox 839 3199 1132 3295; x_wconf 86' lang='lat' dir='ltr'>regeneratione,</span> <span class='ocrx_word' id='word_1_232' title='bbox 1156 3225 1198 3276; x_wconf 88' lang='lat' dir='ltr'>ae</span> <span class='ocrx_word' id='word_1_233' title='bbox 1215 3226 1395 3297; x_wconf 49' lang='lat' dir='ltr'>commur</span> 
     </span>
     <span class='ocr_line' id='line_1_29' title="bbox 153 3290 1390 3403; baseline 0 -23"><span class='ocrx_word' id='word_1_234' title='bbox 153 3300 338 3385; x_wconf 81' lang='lat' dir='ltr'>nicatione</span> <span class='ocrx_word' id='word_1_235' title='bbox 374 3297 488 3372; x_wconf 86' lang='lat' dir='ltr'>nostra</span> <span class='ocrx_word' id='word_1_236' title='bbox 521 3320 600 3370; x_wconf 90' lang='lat' dir='ltr'>cum</span> <span class='ocrx_word' id='word_1_237' title='bbox 640 3290 761 3403; x_wconf 73' lang='lat' dir='ltr'>divina</span> <span class='ocrx_word' id='word_1_238' title='bbox 787 3311 924 3384; x_wconf 91' lang='lat' dir='ltr'>natura,</span> <span class='ocrx_word' id='word_1_239' title='bbox 964 3295 1002 3368; x_wconf 95' lang='lat' dir='ltr'>in</span> <span class='ocrx_word' id='word_1_240' title='bbox 1037 3297 1156 3392; x_wconf 87' lang='lat' dir='ltr'>specie</span> <span class='ocrx_word' id='word_1_241' title='bbox 1180 3300 1225 3374; x_wconf 88' lang='lat' dir='ltr'>de</span> <span class='ocrx_word' id='word_1_242' title='bbox 1248 3300 1390 3381; x_wconf 81' lang='lat' dir='ltr'>unione</span> 
     </span>
     <span class='ocr_line' id='line_1_30' title="bbox 153 3389 1388 3490; baseline -0.006 -10"><span class='ocrx_word' id='word_1_243' title='bbox 153 3405 325 3480; x_wconf 86' lang='lat' dir='ltr'>humanae</span> <span class='ocrx_word' id='word_1_244' title='bbox 355 3415 497 3472; x_wconf 86' lang='lat' dir='ltr'>naturae</span> <span class='ocrx_word' id='word_1_245' title='bbox 527 3416 607 3467; x_wconf 86' lang='lat' dir='ltr'>curn</span> <span class='ocrx_word' id='word_1_246' title='bbox 633 3390 753 3464; x_wconf 80' lang='lat' dir='ltr'>divina</span> <span class='ocrx_word' id='word_1_247' title='bbox 787 3392 824 3465; x_wconf 91' lang='lat' dir='ltr'>iu</span> <span class='ocrx_word' id='word_1_248' title='bbox 858 3389 995 3463; x_wconf 91' lang='lat' dir='ltr'>Christo</span> <span class='ocrx_word' id='word_1_249' title='bbox 1019 3399 1219 3490; x_wconf 82' lang='lat' dir='ltr'>usurpatur:</span> <span class='ocrx_word' id='word_1_250' title='bbox 1253 3398 1388 3486; x_wconf 77' lang='lat' dir='ltr'>utiad</span> 
     </span>
     <span class='ocr_line' id='line_1_31' title="bbox 156 3486 1384 3596; baseline -0.001 -25"><span class='ocrx_word' id='word_1_251' title='bbox 156 3494 335 3596; x_wconf 69' lang='lat' dir='ltr'>{uperiora</span> <span class='ocrx_word' id='word_1_252' title='bbox 357 3493 489 3579; x_wconf 87' lang='lat' dir='ltr'>secula,</span> <span class='ocrx_word' id='word_1_253' title='bbox 513 3491 573 3563; x_wconf 92' lang='lat' dir='ltr'>suo</span> <span class='ocrx_word' id='word_1_254' title='bbox 590 3489 692 3582; x_wconf 89' lang='lat' dir='ltr'>loco,</span> <span class='ocrx_word' id='word_1_255' title='bbox 718 3486 913 3562; x_wconf 86' lang='lat' dir='ltr'>observavi.</span> <span class='ocrx_word' id='word_1_256' title='bbox 962 3488 1117 3563; x_wconf 81' lang='lat' dir='ltr'>Accedit</span> <span class='ocrx_word' id='word_1_257' title='bbox 1144 3513 1179 3582; x_wconf 84' lang='lat'>5.</span> <span class='ocrx_word' id='word_1_258' title='bbox 1204 3493 1298 3568; x_wconf 86' lang='lat' dir='ltr'>hanc</span> <span class='ocrx_word' id='word_1_259' title='bbox 1322 3492 1384 3571; x_wconf 83' lang='lat' dir='ltr'>fu·</span> 
     </span>
     <span class='ocr_line' id='line_1_32' title="bbox 152 3582 1384 3683; baseline -0.003 -12"><span class='ocrx_word' id='word_1_260' title='bbox 152 3596 216 3676; x_wconf 84' lang='lat' dir='ltr'>iffe</span> <span class='ocrx_word' id='word_1_261' title='bbox 238 3611 311 3665; x_wconf 92' lang='lat' dir='ltr'>non</span> <span class='ocrx_word' id='word_1_262' title='bbox 334 3589 443 3664; x_wconf 88' lang='lat' dir='ltr'>solum</span> <span class='ocrx_word' id='word_1_263' title='bbox 469 3589 669 3678; x_wconf 87' lang='lat' dir='ltr'>Veterum,</span> <span class='ocrx_word' id='word_1_264' title='bbox 693 3584 734 3661; x_wconf 85' lang='lat' dir='ltr'>ad</span> <span class='ocrx_word' id='word_1_265' title='bbox 759 3586 829 3661; x_wconf 88' lang='lat' dir='ltr'>hoc</span> <span class='ocrx_word' id='word_1_266' title='bbox 847 3582 952 3683; x_wconf 86' lang='lat' dir='ltr'>usque</span> <span class='ocrx_word' id='word_1_267' title='bbox 969 3604 1126 3683; x_wconf 83' lang='lat' dir='ltr'>tempus,</span> <span class='ocrx_word' id='word_1_268' title='bbox 1152 3587 1384 3668; x_wconf 83' lang='lat' dir='ltr'>constantem</span> 
     </span>
     <span class='ocr_line' id='line_1_33' title="bbox 152 3682 1386 3791; baseline -0.002 -26"><span class='ocrx_word' id='word_1_269' title='bbox 152 3688 380 3791; x_wconf 83' lang='lat' dir='ltr'>opinionem,</span> <span class='ocrx_word' id='word_1_270' title='bbox 410 3685 469 3759; x_wconf 91' lang='lat' dir='ltr'>sed</span> <span class='ocrx_word' id='word_1_271' title='bbox 494 3701 530 3759; x_wconf 90' lang='lat' dir='ltr'>et</span> <span class='ocrx_word' id='word_1_272' title='bbox 561 3684 672 3760; x_wconf 83' lang='lat' dir='ltr'>Elium</span> <span class='ocrx_word' id='word_1_273' title='bbox 699 3683 923 3772; x_wconf 86' lang='lat' dir='ltr'>Cretenfem,</span> <span class='ocrx_word' id='word_1_274' title='bbox 967 3682 1164 3779; x_wconf 86' lang='lat' dir='ltr'>Johannem</span> <span class='ocrx_word' id='word_1_275' title='bbox 1191 3686 1386 3763; x_wconf 86' lang='lat' dir='ltr'>Damasce-</span> 
     </span>
     <span class='ocr_line' id='line_1_34' title="bbox 149 3778 1382 3872; baseline -0.006 -2"><span class='ocrx_word' id='word_1_276' title='bbox 149 3813 235 3870; x_wconf 86' lang='lat' dir='ltr'>num</span> <span class='ocrx_word' id='word_1_277' title='bbox 260 3781 457 3867; x_wconf 88' lang='lat' dir='ltr'>imitatum,</span> <span class='ocrx_word' id='word_1_278' title='bbox 488 3803 646 3857; x_wconf 89' lang='lat' dir='ltr'>mentem</span> <span class='ocrx_word' id='word_1_279' title='bbox 670 3782 741 3855; x_wconf 88' lang='lat' dir='ltr'>hot</span> <span class='ocrx_word' id='word_1_280' title='bbox 763 3780 869 3854; x_wconf 89' lang='lat' dir='ltr'>modo</span> <span class='ocrx_word' id='word_1_281' title='bbox 893 3778 1088 3872; x_wconf 84' lang='lat' dir='ltr'>expreffiffe</span> <span class='ocrx_word' id='word_1_282' title='bbox 1112 3779 1150 3853; x_wconf 92' lang='lat' dir='ltr'>in</span> <span class='ocrx_word' id='word_1_283' title='bbox 1178 3803 1382 3865; x_wconf 85' lang='lat' dir='ltr'>comment.</span> 
     </span>
     <span class='ocr_line' id='line_1_35' title="bbox 148 3875 1389 3979; baseline -0.01 -11"><span class='ocrx_word' id='word_1_284' title='bbox 148 3889 194 3967; x_wconf 74' lang='lat' dir='ltr'>ad</span> <span class='ocrx_word' id='word_1_285' title='bbox 220 3884 373 3979; x_wconf 87' lang='lat' dir='ltr'>Gregor.</span> <span class='ocrx_word' id='word_1_286' title='bbox 397 3875 672 3952; x_wconf 81' lang='lat' dir='ltr'>Nazianzennm·</span> <span class='ocrx_word' id='word_1_287' title='bbox 689 3876 789 3950; x_wconf 86' lang='lat' dir='ltr'>Orat.</span> <span class='ocrx_word' id='word_1_288' title='bbox 816 3875 845 3946; x_wconf 89' lang='lat'>1.</span> <span class='ocrx_word' id='word_1_289' title='bbox 872 3900 907 3972; x_wconf 92' lang='lat' dir='ltr'>p.</span> <span class='ocrx_word' id='word_1_290' title='bbox 935 3897 1042 3965; x_wconf 75' lang='lat' dir='ltr'>aon,</span> <span class='ocrx_word' id='word_1_291' title='bbox 1069 3876 1129 3950; x_wconf 94' lang='lat' dir='ltr'>ubi</span> <span class='ocrx_word' id='word_1_292' title='bbox 1161 3876 1270 3964; x_wconf 90' lang='lat' dir='ltr'>dicit,</span> <span class='ocrx_word' id='word_1_293' title='bbox 1313 3883 1389 3956; x_wconf 88' lang='lat' dir='ltr'>ele·</span> 
     </span>
     <span class='ocr_line' id='line_1_36' title="bbox 148 3969 1419 4075; baseline -0.011 -10"><span class='ocrx_word' id='word_1_294' title='bbox 148 4002 268 4065; x_wconf 86' lang='lat' dir='ltr'>menta</span> <span class='ocrx_word' id='word_1_295' title='bbox 292 3977 391 4075; x_wconf 84' lang='lat' dir='ltr'>panis</span> <span class='ocrx_word' id='word_1_296' title='bbox 415 3991 452 4048; x_wconf 89' lang='lat' dir='ltr'>et</span> <span class='ocrx_word' id='word_1_297' title='bbox 476 3971 552 4045; x_wconf 87' lang='lat' dir='ltr'>vini</span> <span class='ocrx_word' id='word_1_298' title='bbox 578 3977 612 4045; x_wconf 82' lang='lat' dir='ltr'>in</span> <span class='ocrx_word' id='word_1_299' title='bbox 628 3972 733 4066; x_wconf 83' lang='lat' dir='ltr'>sacra</span> <span class='ocrx_word' id='word_1_300' title='bbox 757 3969 865 4065; x_wconf 82' lang='lat' dir='ltr'>mensa</span> <span class='ocrx_word' id='word_1_301' title='bbox 891 3969 1072 4065; x_wconf 69' lang='lat' dir='ltr'>pernostra,</span> <span class='ocrx_word' id='word_1_302' title='bbox 1093 3993 1156 4068; x_wconf 83' lang='lat' dir='ltr'>per</span> <span class='ocrx_word' id='word_1_303' title='bbox 1178 3975 1419 4072; x_wconf 62' lang='lat' dir='ltr'>ineffwiirtm</span> 
     </span>
     <span class='ocr_line' id='line_1_37' title="bbox 147 4064 1392 4203; baseline -0.008 -41"><span class='ocrx_word' id='word_1_304' title='bbox 147 4085 312 4203; x_wconf 48' lang='lat' dir='ltr'>quandum</span> <span class='ocrx_word' id='word_1_305' title='bbox 339 4069 562 4174; x_wconf 82' lang='lat' dir='ltr'>outuiputeurt&#39;s</span> <span class='ocrx_word' id='word_1_306' title='bbox 586 4068 653 4151; x_wconf 83' lang='lat' dir='ltr'>Dtt‘</span> <span class='ocrx_word' id='word_1_307' title='bbox 678 4072 762 4166; x_wconf 80' lang='lat' dir='ltr'>aim,</span> <span class='ocrx_word' id='word_1_308' title='bbox 797 4083 828 4146; x_wconf 78' lang='lat' dir='ltr'>et</span> <span class='ocrx_word' id='word_1_309' title='bbox 844 4064 1073 4167; x_wconf 78' lang='lat' dir='ltr'>fucultatem,</span> <span class='ocrx_word' id='word_1_310' title='bbox 1113 4075 1148 4146; x_wconf 84' lang='lat' dir='ltr'>iu</span> <span class='ocrx_word' id='word_1_311' title='bbox 1176 4072 1253 4149; x_wconf 78' lang='lat' dir='ltr'>cirri</span> <span class='ocrx_word' id='word_1_312' title='bbox 1283 4076 1392 4152; x_wconf 54' lang='lat' dir='ltr'>icor*</span> 
     </span>
    </p>
   </div>
   <div class='ocr_carea' id='block_1_4' title="bbox 0 0 1556 4814">
    <p class='ocr_par' dir='ltr' id='par_1_4' title="bbox 0 0 1556 4814">
     <span class='ocr_line' id='line_1_38' title="bbox 0 0 1556 4814; baseline 0 5"><span class='ocrx_word' id='word_1_313' title='bbox 0 0 1556 4814; x_wconf 95' lang='lat' dir='ltr'> </span> 
     </span>
    </p>
   </div>
  </div>
 </body>
</html>
