3146 4458
548 227 654 310 Strui.
677 225 749 306 IX.
1196 254 1268 334 347

75 401 107 478 ad
128 401 318 511 Nicolaum·
334 404 388 494 1.,
412 425 493 502 quar
515 403 596 504 pust
620 407 788 482 Busaeunr
815 405 979 506 vulgavit
999 405 1207 498 Fabrottur‚
1230 423 1273 482 et

74 504 236 580 noviffima
266 501 375 576 editio
399 501 576 596 Corpori&
588 503 772 600 Byzantini
799 504 960 600 repetiit,
1002 505 1062 582 sed
1087 505 1269 581 noviliirna

74 595 134 686 eli,
156 619 194 674 et
214 597 391 674 luculenta
412 595 524 672 editio
539 597 730 674 ⁴Bittnchini
760 619 799 675 et
825 599 1001 698 Vignolii.
1048 603 1188 676 Interea
1211 618 1269 672 to·

76 711 138 766 turn
164 697 347 789 hocopus
379 711 452 768 non
476 692 545 766 elle
570 693 741 770 Anastafii
772 693 927 788 constat,
968 716 1006 771 et
1033 698 1109 794 ejus
1132 713 1268 772 tantum

73 791 220 866 ridentur
246 792 316 863 elle
339 785 432 862 vitae
460 789 627 890 Paparurn
659 811 679 862 a
702 791 881 888 Gregorio
906 793 975 868 lV.
999 791 1040 868 ad
1063 793 1267 868 Nicolaum.

73 883 294 962 Vid'Oudin.
321 881 449 977 script.
473 884 604 958 Eccles.
629 905 716 959 torn.
742 886 789 962 11.
838 888 1067 962 continuavit
1087 910 1175 963 vero
1190 887 1268 962 Gu-

72 981 191 1056 ilelmus
214 980 521 1068 Bibliothecariur,
559 980 657 1075 cujus
679 977 816 1056 exstant
839 982 936 1056 vitae
961 983 1134 1058 Hadriani
1158 983 1205 1058 11.
1228 993 1268 1054 et

74 1077 229 1172 Stephani
253 1077 304 1150 V.
352 1075 483 1148 Prodiit
504 1076 655 1172 denique
679 1076 750 1149 hoc
777 1075 945 1151 Anastafii
968 1100 1056 1171 oput
1077 1079 1116 1152 in
1137 1095 1268 1173 corpo·

75 1195 104 1243 re
119 1173 324 1270 lcriptorurn
342 1169 459 1242 Italiae
476 1166 668 1244 Muratorii
684 1186 769 1245 torn.
794 1171 883 1263 lli,
908 1173 951 1246 ad
968 1169 1052 1245 Mu.
1077 1175 1266 1260 collatum,

76 1289 132 1350 una
152 1291 233 1342 curn
256 1265 441 1339 detrorum
464 1263 760 1340 differtationibus
782 1267 826 1340 de
848 1287 915 1357 eo,
940 1287 977 1342 et
999 1263 1077 1340 anti
1101 1267 1154 1342 uit
1175 1267 1270 1340 Pon·

75 1363 193 1436 uilicum
217 1362 457 1434 Rornanorum
481 1359 664 1456 catalogis:
687 1361 784 1436 vitae
808 1383 948 1460 quoque
973 1291 1183 1437 Pontiicum
1202 1377 1268 1456 per

78 1458 192 1554 reliqua
215 1457 330 1532 secula
352 1453 550 1551 subjunctae
574 1457 661 1530 sunt.
707 1456 890 1529 Trihurtur
915 1457 1066 1554 denique
1091 1455 1126 1530 ei
1155 1454 1270 1532 Chro-

77 1554 166 1627 nicon
194 1550 405 1638 Caffinense,
444 1549 483 1624 in
514 1570 605 1623 anno
631 1559 715 1644 857.
744 1547 923 1644 definens,
969 1554 1026 1626 sed
1059 1551 1132 1627 line
1167 1563 1272 1630 certo'

76 1650 300 1723 fundamento.
346 1643 455 1720 Vixit
480 1645 586 1719 etiarn
612 1643 682 1720 hoc
712 1641 827 1720 seculo
857 1645 1049 1739 Johenner,
1089 1648 1271 1722 Ronmae

78 1745 239 1820 Ecclesiae
263 1743 450 1830 diaconus,
476 1739 667 1837 quiritatu
694 1739 860 1838 Gregorii
886 1743 1037 1840 scripsit,
1062 1762 1100 1817 et
1126 1743 1210 1835 alia,
1233 1737 1273 1816 io

81 1843 182 1936 tujtu,
207 1839 364 1913 Graecae
388 1836 528 1932 linguae
549 1835 681 1932 ignari,
746 1837 849 1909 atiani
873 1837 1186 1914 Anallaliusmulta
1202 1840 1274 1928 La·

82 1939 141 2008 tine
162 1938 285 2010 vertit.
332 1929 523 2025 Epistulam
546 1934 621 2028 ejut
641 1932 684 2005 ad
733 1931 888 2004 enarium
911 1933 955 2006 de
978 1932 1107 2005 ritibut
1141 1935 1274 2029 baptis·

80 2032 209 2106 nribus
238 2050 277 2104 et
309 2026 402 2114 aliis,
443 2049 511 2121 qua
532 2026 776 2100 nonnullorum
808 2026 938 2101 rituum
968 2025 1123 2100 rationes
1152 2027 1276 2120 dedit,

86 2125 236 2202 exhibuit
260 2120 446 2198 Mabiilon.
471 2121 565 2196 Mus.
590 2123 665 2197 Ital.
691 2138 777 2194 tom.
805 2120 853 2196 11.
1267 2135 1273 2144 ’

88 2223 150 2320 ·§.
174 2217 401 2295 CCClinll.
441 2215 659 2290 Celebrioret
694 2213 1023 2314 martyrologiorum
1066 2211 1274 2293 conditore·

84 2317 212 2391 luerunt
228 2317 331 2404 Ado,
355 2309 550 2403 usuardus,
574 2327 610 2386 et
625 2309 919 2400 wandelbertus,
943 2332 985 2384 ac
1000 2311 1203 2386 Notkerur:
1226 2307 1290 2382 de-

84 2417 195 2508 quibus
219 2413 332 2487 verbo
354 2405 530 2502 defungar.
553 2407 646 2486 Ado,
665 2403 893 2513 -Yieonenlit
916 2407 1215 2576 Archiepiscogut
1229 2406 1278 2482 ab

85 2531 109 2583 a.
132 2515 240 2597 860.,
265 2504 362 2598 cujus
384 2501 494 2576 vitain
519 2519 557 2574 et
580 2495 675 2599 gesta
696 2521 731 2574 rn
758 2499 871 2574 luceru
888 2501 1061 2597 protraxit
1090 2503 1156 2576 Ma
1180 2500 1288 2578 illone

87 2604 116 2678 in
135 2607 234 2698 elogio
259 2601 407 2697 historico
429 2601 466 2670 in
489 2594 573 2670 auis
595 2593 811 2700 Benediiiin.
836 2597 904 2671 sec.
928 2597 996 2673 lV.
1019 2620 1056 2695 p.
1080 2597 1152 2685 ΙΙ.,
1174 2619 1279 2692 prae·

87 2716 130 2774 ter
150 2697 344 2776 chronicon
368 2693 473 2789 nsque
496 2691 584 2765 ada.
612 2698 714 2786 875„
736 2693 779 2764 ab
791 2689 861 2768 alio
874 2689 995 2786 postea
1007 2690 1276 2788 continuatum,

89 2797 166 2892 quod
191 2813 272 2868 curn
297 2785 476 2885 Gregorio
499 2786 634 2859 Turon.
666 2787 816 2882 prodiit,
858 2801 894 2860 et
926 2785 966 2860 iu
995 2787 1084 2863 Bibl.
1115 2788 1313 2886 Patruus

90 2891 209 2988 lcripsrt
240 2884 537 2982 monologium,
569 2879 647 2954 usur
674 2881 743 2956 alio
776 2879 990 2972 vetustiore,
1030 2882 1146 2957 Rorna
1169 2884 1283 2984 Aqui·

91 2987 179 3082 lejan
200 2984 324 3068 milio,
349 2998 387 3053 et
409 2977 474 3076 ipll
499 2978 690 3051 Ravennae
715 2975 865 3052 tradito:
897 2975 990 3074 quod
1005 2997 1166 3052 unacum
1181 2982 1285 3056 Ado·

92 3087 137 3158 ait
161 3080 273 3158 edidit
297 3074 531 3172 Rosweydus,
571 3067 631 3168 qui
661 3071 767 3146 etiam
799 3069 882 3148 illud
914 3085 995 3148 curn
1021 3070 1151 3149 Adone
1188 3098 1288 3152 com.

96 3178 460 3347 lllllhthl’
483 3165 1085 3338 hiultllltulltclt
1105 3169 1169 3338 t*
1191 3171 1290 3366 tu

436 3317 447 3353 2
779 3316 788 3335 ·
996 3320 1006 3341 ·
1072 3317 1081 3337 ·
1138 3317 1171 3357 η

96 3371 211 3442 nullum
235 3364 339 3440 fuilie
359 3356 533 3434 Eccleliae
557 3358 738 3466 Rornanae
764 3358 965 3453 proprium,
995 3359 1178 3436 contendit
1201 3319 1289 3439 anti

95 3466 188 3554 illud,
227 3459 321 3560 quod
352 3455 441 3552 jullu
467 3470 505 3526 et
528 3473 672 3527 nornine
702 3451 795 3527 Sixti
818 3455 867 3530 V.
892 3453 1126 3552 publicatum,
1158 3473 1197 3531 et
1220 3479 1289 3532 no·
1403 3461 1407 3470 '

98 3577 137 3634 tir
156 3556 296 3633 Batonii
324 3549 527 3626 illustratum
550 3545 611 3624 est.
663 3546 834 3623 Meminit
858 3552 1000 3648 quidem
1022 3553 1290 3644 Synodur‘Clo·

40 3641 42 3652 ⁴
98 3649 326 3730 veshoviensrt
339 3647 377 3724 in
394 3642 544 3741 Anglia,
567 3664 599 3722 a.
625 3665 744 3816 7Χ4Ξ..ᾖ
754 3646 998 3750 martyrologii
1018 3643 1298 3824 Eoelefiigilii?

97 3799 101 3808 ⁴
1277 3789 1296 3843 r
