3104 4814
143 600 248 761 ¹244
430 724 436 732 .
559 654 855 760 maneantur
880 656 997 759 mm

169 839 259 1008 bat,
290 854 329 914 et
351 835 396 914 de
421 837 525 913 rebus
541 835 811 931 Ecclefiasticis,
846 860 920 913 noo
944 832 1118 937 politicis,
1146 835 1403 939 intelligendus

177 957 199 1007 ι
232 990 241 1008 ι
895 959 898 967 “
1120 982 1125 989 .
1356 998 1359 1003 ⁴
1387 982 1391 991 .

224 1028 258 1129 5.
291 1030 483 1107 CCXXIX.
525 1029 693 1144 Suecelllt
725 1026 918 1145 Gregorius
947 1028 1036 1139 1113,
1077 1031 1223 1108 eleetos,
1246 1030 1398 1131 quidem

174 1130 379 1315 stall,
394 1123 1398 1325 dsltlllallll,llltrlllnlllfmsl

176 1315 226 1390 dit
249 1319 293 1391 ab
315 1340 347 1395 a.
374 1339 459 1414 73¹·
484 1320 525 1393 ad
554 1341 660 1412 742„
693 1337 730 1391 et
763 1313 911 1389 eandem
944 1313 1072 1391 institit
1104 1317 1397 1417 inimaginibus

175 1414 333 1504 tuendis,
358 1436 460 1511 quam
478 1412 651 1503 deceffor,
677 1411 786 1488 viam·
817 1410 964 1505 synodo
992 1412 1131 1485 Romae
1162 1416 1290 1490 condia
1317 1418 1396 1492 cul·

172 1526 250 1585 tum
275 1532 396 1583 earum
418 1510 477 1584 sub
502 1509 722 1583 anathemate
756 1507 938 1592 decrevit,
971 1510 1160 1604 omnesque
1192 1511 1392 1612 imaginum

174 1624 414 1680 contemtores
435 1623 473 1679 et
498 1603 747 1687 destructores.
770 1603 863 1674 nullo
890 1600 983 1674 fodio
1012 1603 1224 1697 discrimine,
1255 1631 1393 1684 aeota

176 1721 271 1799 pore
292 1722 330 1776 et
356 1698 671 1797 sanguine-Christi
696 1694 884 1775 declaravit
907 1717 1081 1773 extorres:
1106 1700 1224 1774 erexit
1246 1724 1393 1803 quoque·

172 1799 306 1897 rubique
328 1796 517 1907 imagines,
546 1813 595 1868 et
625 1796 867 1888 inperatorem
903 1793 1062 1889 repetitis
1088 1796 1226 1871 vicibus
1249 1803 1297 1873 ab
1316 1802 1391 1877 beo

172 1892 305 1969 baeresr
330 1911 394 1986 per
415 1891 548 1962 litteras
570 1909 608 1962 et
627 1891 794 1984 legatos,
814 1887 1065 1978 licetfrustra,
1108 1890 1305 1968 abstrahere
1328 1912 1394 1971 co-¹

173 1984 349 2066 natusest.
374 1982 584 2079 Bonifatio,
611 1986 865 2073 Germanorum
892 1983 1086 2081 Apostolo,
1117 1988 1257 2082 pallium
1269 1992 1402 2083 missu·

171 2103 213 2160 ct
236 2081 278 2155 ad
305 2080 378 2152 e'us
398 2079 548 2176 quaesrta
571 2077 769 2176 respondit:
811 2081 950 2176 dequo
969 2078 1099 2176 postea.
1146 2084 1244 2158 Inter
1267 2088 1416 2185 capitu·

171 2104 410 2272 respoulionis
434 2173 505 2261 est,
528 2179 622 2272 quod
648 2173 761 2248 notari
785 2194 957 2266 meretur,
982 2175 1239 2273 poenitentiam
1263 2181 1311 2258 iis
1329 2185 1393 2259 itt-⁸

169 2272 280 2375 poni,
299 2269 366 2440 1qui
389 2272 555 2345 caballum
581 2268 821 2359 comederint,
855 2270 1003 2366 eosque,
1037 2272 1097 2367 qui
1122 2293 1278 2368 patrem,
1310 2302 1390 2354 mar·¹

170 2390 284 2459 arem,
316 2383 463 2457 ratrem,
479 2385 539 2441 aut
556 2365 709 2441 sororem
727 2365 940 2456 occiderint,
952 2369 1213 2445 communione
1228 2374 1276 2448 ad
1287 2395 1390 2450 mor·

172 2486 246 2544 rem
269 2461 375 2562 usque
397 2462 467 2539 ess'e
489 2461 699 2561 privandos,
740 2460 833 2537 limul
856 2481 1026 2559 perpetua
1056 2485 1076 2535 a
1104 2485 1209 2539 carne
1234 2487 1281 2542 et·
1295 2472 1389 2549 vino

170 2556 377 2639 abstinentia
405 2556 627 2654 castigandos.
686 2559 754 2632 Sed
784 2559 947 2655 majorem
978 2574 1137 2632 meretur
1165 2562 1390 2642 animadver-

172 2661 330 2748 eonem,
356 2655 469 2752 quod,
493 2675 574 2729 cum
590 2653 842 2751 Luitprandus,
865 2653 1179 2748 Langobardorum
1196 2672 1281 2752 rex,
1305 2662 1386 2738 Ro·

168 2779 266 2834 mam
290 2751 456 2829 obsellam
491 2769 649 2849 teneret,
679 2749 758 2848 quia
780 2752 825 2824 Pa
893 2749 979 2822 duos
1009 2747 1083 2842 ejus
1108 2750 1240 2848 duces,
1258 2757 1388 2837 Trasa-

170 2851 339 2930 mundum
354 2850 609 2945 Spoletanum,
648 2864 686 2921 et
710 2847 813 2921 Gode
829 2844 983 2920 chalcum
1006 2845 1317 2948 beneventanum,
1341 2846 1387 2935 fn

169 2968 292 3042 segem
316 2945 482 3030 rebelles,
505 2943 544 3016 in
569 2942 803 3053 patrocinium
835 2941 1063 3039 susceperat,¹
1090 2943 1170 3039 Ipse
1191 2946 1271 3044 post
1291 2950 1386 3028 stus·

169 3060 308 3119 trancas
332 3035 483 3129 litteras,
513 3038 706 3112 rationibus
728 3038 954 3112 moventibus
982 3040 1026 3112 ab
1048 3038 1204 3118 Ecclesia
1234 3062 1274 3120 et
1296 3046 1388 3127 sede'

167 3140 332 3216 Romana
362 3132 504 3209 tutanda
536 3152 670 3209 tantum
696 3132 836 3230 petitis,
869 3133 1009 3207 tandem
1032 3132 1177 3230 Legatis
1207 3158 1291 3216 cum
1309 3142 1386 3219 lim·

169 3230 277 3322 seris,
302 3229 473 3327 adjundlis
496 3229 652 3306 clavibus
680 3228 794 3320 Petri,
826 3245 864 3304 et
886 3227 1059 3327 particulis
1084 3247 1308 3328 catenarum,
1335 3238 1384 3317 ad

170 3330 333 3406 carolum
356 3325 562 3402 Marcellum
588 3326 712 3416 millis,
747 3324 914 3399 auxilium
939 3345 976 3398 et
998 3325 1233 3418 patrocinium
1264 3334 1385 3429 petie.

167 3426 237 3515 rit,
262 3447 302 3498 ac
319 3421 568 3519 inpetraverit,
586 3422 644 3495 sed
658 3422 944 3509 caconditione,
968 3439 1007 3492 ut
1025 3421 1225 3502 Romanum
1244 3428 1381 3509 Consu·

168 3526 299 3609 mum,
319 3517 377 3592 seu
393 3517 643 3608 Patriciatum,
666 3517 865 3591 inCarolum
880 3513 1079 3607 conferret,
1101 3539 1131 3595 a.
1150 3541 1235 3617 741.
1261 3525 1381 3623 vid,

168 3630 309 3721 praeter
327 3613 558 3704 Anastustum,
578 3613 797 3689 continuator
820 3610 1043 3710 Fredegarii,
1071 3628 1107 3685 et
1133 3623 1272 3695 annales
1295 3623 1391 3701 Mea.

162 3713 281 3800 tenses
313 3708 351 3782 in
372 3709 591 3786 -colletrione
622 3708 867 3787 historicorum
898 3712 1106 3783 Francorum
1130 3713 1185 3787 du
1217 3716 1386 3799 cresum·

159 3813 246 3915 ,Qua
270 3805 407 3880 ratione
432 3808 581 3902 populus
603 3809 801 3895 Romanus,
841 3804 1097 3904 susquedeque
1121 3808 1241 3889 habita
1267 3816 1380 3917 Inpe-

167 3904 303 3988 tatoris,
313 3899 570 3992 dominatione,
611 3906 654 3979 sd
682 3906 876 3976 Francorum
902 3903 1145 3976 dominationem
1167 3930 1208 3984 ar
1239 3910 1381 3989 clm.

166 4013 251 4083 tion
276 4002 310 4075 se
333 3996 503 4087 contulit,
527 4011 568 4070 ut
594 4001 748 4072 Annales
762 3998 946 4071 Metenses
962 3998 1111 4087 habent,
1139 4020 1176 4076 et
1206 4005 1379 4102 Carolus,

165 4103 302 4205 primus
324 4119 371 4173 ex
395 4091 554 4184 Francis,
594 4089 708 4173 nuos
734 4090 787 4178 est
807 4092 977 4177 Patricius
999 4093 1256 4180 Romanorum.
1311 4106 1383 4177 ee·

147 4218 166 4264 ⁰
194 4236 201 4247 ·
785 4218 797 4250 ‘¹
1266 4217 1388 4278 terum
