3104 4814
338 376 348 390 N

147 630 196 698 ω
537 598 687 704 institia
711 602 982 712 Ecckfissirili.
1124 660 1126 666 ·

149 816 218 881 ea,
252 805 350 884 ‘quae
375 781 464 878 Papa
487 786 695 876 notaverat,
738 786 827 861 haec
851 786 923 863 duo
947 782 1197 880 notaniliora,
1220 789 1256 866 ἰζ
1275 785 1378 886 ‘quod

154 887 331 990 Julianus,
364 879 408 952 de
433 882 514 953 Deo
538 883 702 978 loquens,
726 883 883 974 dixerat,
915 888 1065 962 sonoras
1087 887 1210 984 genui}
1228 888 1401 961 idonior»

88 1022 90 1026 -
156 1009 243 1071 ion,
259 975 405 1072 ficitur
421 975 592 1073 sapientia
608 979 830 1075 sapientiora,
858 1000 891 1053 2.
920 982 958 1056 in
983 984 1243 1077 Christo,·‘Dei
1264 983 1393 1073 Filio,

158 1101 227 1156 ries
254 1076 388 1149 dixerat
419 1075 490 1148 ess'e
516 1072 743 1171 substantias..
795 1076 896 1174 Quae
928 1079 966 1152 in
1002 1079 1163 1154 conciliis
1192 1077 1393 1173 Toletanis.

81 1261 83 1266 7
159 1176 248 1253 XV.
274 1191 312 1244 et
338 1170 440 1245 XVI.
468 1172 669 1245 orthodoxe
692 1174 772 1245 sunt
787 1170 949 1266 explicita
972 1194 1011 1248 et
1037 1176 1251 1273 adprobatus
1272 1173 1382 1248 etiarn

155 1277 204 1350 ab
230 1267 307 1365 ipso
330 1268 422 1362 Papa
447 1267 593 1364 Sergio,
625 1265 830 1342 substantiae
847 1290 936 1343 voce
958 1271 1003 1346 de
1024 1271 1169 1347 effeotia
1186 1270 1401 1343 intelieita.¹

160 1366 220 1446 Ad
244 1365 335 1461 prius
362 1363 496 1436 ditium
528 1364 746 1437 declararunt
775 1365 914 1454 Patres,
953 1387 1132 1443 aeternam
1164 1368 1383 1442 voluntatem

162 1459 238 1542 Dei
261 1455 332 1532 effe
364 1457 473 1532 tribus
503 1458 662 1554 personis
696 1481 938 1549 communem,
975 1465 1152 1561 adeoque,
1176 1461 1289 1546 sicut¹
1310 1459 1387 1534 dici

215 1553 302 1646 test,
328 1554 529 1653 sapientiam
554 1580 574 1629 a
599 1553 768 1652 sapientia
802 1555 870 1630 effe
894 1557 1071 1654 genitam,
1105 1560 1154 1633 ita
1170 1559 1296 1645 etiam,
1320 1577 1388 1628 vo·

182 1671 336 1731 untatein
360 1652 598 1727 avoiuutare:
631 1650 674 1726 ad
691 1651 859 1822 6{cistartiis
880 1670 988 1747 vero,
1020 1675 1092 1730 tres
1113 1655 1152 1730 in
1176 1651 1315 1729 Christo
1333 1651 1389 1725 di·

162 1751 202 1829 ci
220 1745 317 1848 poffe
333 1746 557 1838 substantiis,
588 1750 689 1844 respe
727 1747 947 1857 ucorporis,
974 1751 1131 1843 animae,
1158 1769 1195 1826 et
1218 1747 1389 1824 divinita·

168 1864 379 2020 iiiiii?
401 1845 1393 2051 aiiisaurinianiiiii”iiiiii

173 2059 325 2139 quorum
349 2057 476 2132 inagna
499 2051 572 2110 erat
593 2057 632 2123 in
657 2034 827 2130 Hispania
851 2037 975 2134 copia,
998 2064 1029 2114 a.
1055 2045 1139 2119 686.
1187 2036 1229 2111 ln
1244 2037 1391 2134 quibui,

71 2148 79 2156 ·
166 2135 265 2234 quod
290 2149 413 2207 notatu
440 2131 585 2228 dignuin
605 2127 680 2221 est,
706 2130 881 2206 Christum
904 2132 1000 2210 sexta
1021 2133 1141 2210 mundi
1162 2150 1277 2206 aerato
1300 2146 1404 2229 rens

172 2250 301 2306 turum>
318 2226 636 2320 demonstraturus,
658 2245 818 2325 tempora
832 2246 915 2303 ante
932 2231 1092 2306 Meiiiam
1107 2232 1144 2304 in
1161 2229 1221 2303 hai
1239 2227 1404 2326 quinquo

173 2323 292 2402 divisit
328 2340 539 2415 aetates,‹a
571 2323 712 2398 Mundo
742 2324 886 2398 condito
915 2326 958 2399 ad
991 2325 1194 2417 Diioviunr,
1233 2324 1316 2398 inde
1347 2321 1403 2398 ad'

172 2421 434 2511 Abrahamunr,
458 2419 543 2494 inde
566 2418 608 2494 ad
633 2420 830 2511 Davidem,
863 2420 947 2495 inde
976 2423 1020 2497 ad
1043 2422 1188 2496 exilium
1208 2416 1400 2518 Babyloni·

169 2541 274 2605 curn,
300 2536 339 2589 et
363 2516 447 2588 inde
468 2515 512 2589 ad
536 2515 708 2590 Menam.
749 2515 872 2590 Sedet
895 2516 945 2591 ita
969 2516 1121 2592 instituit
1136 2516 1283 2591 Isidorus
1306 2513 1406 2590 His--

174 2610 323 2726 polensis
340 2608 481 2705 Origin.
505 2611 528 2686 l.
545 2612 595 2686 V.
620 2611 704 2701 fin,
728 2630 767 2685 et
782 2610 842 2686 diu
856 2629 938 2687 ante
954 2635 1017 2687 eos
1029 2606 1244 2711 Augustinus
1261 2607 1392 2710 quaest.

175 2732 220 2784 iri
242 2709 395 2806 Judaeos
419 2705 452 2805 i,
479 2711 538 2780 26.
561 2725 599 2781 ei
621 2710 659 2782 in
676 2705 827 2805 Joirann.
851 2707 952 2784 tran.
979 2708 1042 2782 IX.
1063 2709 1099 2878 p
1127 2715 1160 2785 6.
1210 2712 1395 2784 Praeterea

148 2836 152 2841 -
176 2807 304 2881 liborio
330 2800 609 2901 prognosticorum
635 2801 746 2878 futuri
771 2800 877 2880 sconii
901 2804 1062 2900 consciip
1076 2825 1129 2895 rt,
1149 2806 1211 2881 ubi
1235 2804 1279 2882 de
1295 2822 1393 2878 mor-

176 2919 245 2989 te,
260 2900 348 2974 statu
363 2901 577 2991 animarum,
590 2901 721 2974 ultimo
736 2898 895 2997 Judicio,
921 2924 958 2977 et
975 2901 1248 2979 Resurrenione
1259 2914 1280 2992 ,'
1295 2899 1400 2976 diffe-

175 2997 245 3085 rit,
283 2992 323 3068 iii
345 2992 471 3090 specie·
488 2995 926 3091 adfirmitpurgatorium.
975 2996 1160 3097 Quilibet
1183 2996 1256 3093 legi
1279 3012 1395 3074 inere-

176 3109 235 3168 rur
247 3090 294 3165 ab
309 3112 374 3177 eo,
399 3088 458 3185 qui
478 3088 656 3164 Veterum
679 3088 867 3186 opiniones
890 3092 936 3166 do
959 3089 1028 3167 illis
1050 3097 1172 3184 rebus,
1212 3111 1250 3166 et
1278 3090 1406 3168 curio-³

134 3219 140 3222 ·
177 3188 223 3264 sis
246 3183 526 3282 quaestionibus,
561 3185 776 3282 cognoscere
797 3186 911 3282 cupit.
936 3187 1041 3265 ²Sunt
1063 3207 1179 3265 autern
1196 3189 1397 3285 Veterum,

3 3294 6 3304 '
177 3287 217 3366 in
242 3281 366 3378 primii
389 3279 595 3377 Augustini,
630 3278 794 3374 Gregorii
819 3283 898 3375 M,
922 3299 961 3356 et
977 3282 1105 3380 Juliani
1121 3284 1274 3371 Pomerii
1297 3298 1402 3361 conr·¹

177 3377 376 3555 gannires.
427 3398 460 3473 3.
486 3374 646 3452 Historia
669 3377 866 3472 Wainbao,
888 3379 1097 3478 Gothorum
1109 3381 1246 3482 Regis,
1271 3396 1409 3460 contra

228 3475 352 3574 ulum,
392 3473 520 3548 ducein
560 3473 860 3573 Narbonensem,
901 3477 945 3551 ab
976 3473 1066 3569 ipso·
1080 3478 1296 3576 ¹coropoiita,
1335 3495 1402 3555 ex'·

26 3634 32 3659 ,
181 3572 252 3653 ssat
289 3568 385 3646 inter
417 3566 608 3666 scriptores
638 3570 824 3645 Francicos
862 3574 922 3647 Do
954 3570 1103 3653 OEresue.
1159 3576 1268 3652 Liber
1308 3596 1401 3652 vero

178 3671 406 3770 &adripiunt
434 3664 493 3740 scu·
516 3665 563 3740 de
585 3659 831 3760 adpetentibus
849 3669 983 3768 script.
1007 3671 1043 3745 S.
1070 3665 1398 3765 contradidioiiibiis,

219 3790 257 3844 us
282 3758 451 3857 nonest,
477 3761 665 3858 noconius
690 3761 732 3856 sit
754 3758 896 3843 constat.
943 3768 1053 3844 Forte
1078 3791 1239 3847 autorem
1274 3766 1400 3846 habuit

265 3860 421 3952 basium,
454 3859 628 3934 Abbatein
656 3857 906 3958 casinensem,
947 3863 1035 3942 relic
1065 3871 1190 3943 Leone
1219 3862 1396 3942 Ostiense.

180 3963 351 4040 courum
378 3953 705 4053 interspiniones,
729 3969 855 4047 notatu
877 3959 1018 4058 ripn,
1041 3961 1172 4061 Juiii'ni
1189 3960 1280 4053 init,
1303 3961 1399 4039 ndu

182 4074 283 4149 uuio
303 4051 707 4150 nitreas-iarun,
745 4050 948 4163 posse-noir
972 4063 1087 4157 nori,
1106 4065 1163 4140 et
1182 4057 1413 4256 tmesi

188 4168 267 4242 ii>
803 4170 824 4207 ⁸
1300 4168 1302 4175 ’
1341 4174 1408 4256 Pisi
