3078 4462
260 217 332 292 42¹
651 175 805 279 rustam
824 173 955 281 Eccles.
978 175 1096 281 Olmii.

270 364 434 452 meminit
458 361 496 439 in
524 357 626 458 epist,
650 363 694 436 ad
727 364 881 436 francor
908 363 1000 458 apud
1027 359 1144 434 Baluz.
1174 379 1277 458 oper.
1311 359 1495 460 Agobardi

272 489 299 546 t.
325 471 372 540 ll.
422 461 590 536 Eaercuit
611 460 717 532 etiam
740 459 927 554 luperator
948 479 1012 552 per
1037 457 1155 530 milior
1177 455 1256 532 l'uoa
1275 456 1408 554 juditta
1434 465 1491 540 ln·

273 557 416 664 perialia
441 559 478 630 in
502 555 611 630 urbe:
637 575 678 630 ut
700 575 747 628 ex
773 556 835 628 lite
856 553 1031 626 Ecclefiae
1055 554 1241 628 Romanae
1264 579 1350 629 tum
1376 559 1493 632 Anot-

275 681 312 736 te
345 650 543 730 monasterii
574 650 766 738 Farfenlit,
806 653 844 723 in
877 649 1020 724 Ducatu
1048 650 1245 744 Spoletano
1273 651 1351 741 liti,
1391 675 1491 749 quarn

273 751 359 831 missi
386 745 600 847 loperatorir‘
616 747 839 844 judicarunt,
872 765 983 841 patet.
1031 747 1119 818 Cum
1142 764 1261 820 autem
1284 748 1382 844 Papa
1402 751 1491 844 judl-

274 853 331 928 cio
356 845 443 920 stare
468 843 598 934 nollet,
630 845 672 916 ad
696 843 934 938 inperatorem
958 837 1184 936 provocavit.
1233 841 1323 917 Vid.
1359 845 1493 920 Clrron.

275 941 439 1024 Farfenfe
459 937 553 1038 apud
578 940 622 1014 du
648 939 834 1012 Cltelnium
858 955 944 1009 tom.
970 937 1035 1012 lll.

321 1041 354 1142 §t
379 1036 601 1114 CCCXClV.
625 1033 694 1108 Sed
712 1029 922 1131 Gregorium
938 1030 1128 1130 praecipue
1143 1031 1377 1125 nobilitavit,
1400 1035 1491 1131 quod

274 1141 368 1219 bello
400 1135 554 1208 filiorum
584 1131 759 1204 Ludovici
791 1152 870 1202 cum
904 1131 1009 1202 Patre
1042 1151 1115 1210 non
1151 1147 1288 1206 tantum
1323 1133 1492 1208 inmixtos

273 1236 404 1322 fuerit,
429 1227 487 1304 fed
512 1246 695 1302 eteorum
721 1247 834 1323 parter
857 1225 981 1315 tuitus,
1022 1245 1062 1297 ut
1083 1227 1193 1298 multa
1220 1228 1383 1326 produnt
1404 1228 1488 1300 indl-

274 1335 340 1411 cia.
390 1325 479 1404 Vid.
502 1343 602 1400 autor
627 1323 724 1395 vitae
749 1321 943 1430 Lutlovici,
976 1321 1069 1394 unde
1090 1321 1195 1428 etiarn
1220 1325 1389 1413 constat,
1424 1345 1483 1396 eor

274 1415 954 1620 ltiiilpliciiaoscoitiiliaindigncitiliffieii
975 1439 1056 1585 eein
1071 1415 1490 1612 Flggggmqpffipgoe·

275 1619 344 1700 allo
369 1615 482 1690 animo
505 1631 551 1686 eo
576 1603 761 1680 tetendilfe
784 1606 936 1682 censitor
969 1605 1056 1695 fuit,
1095 1627 1133 1678 ut
1163 1609 1415 1700 Lodovicutn,
1452 1627 1486 1682 et

274 1710 470 1812 Episcopot
495 1703 662 1776 Franciae
685 1701 721 1778 ti
741 1702 968 1778 adhaerentes
985 1757 995 1792 ‚
1013 1707 1361 1783 excommunicaret:
1391 1727 1486 1804 quarn

276 1813 325 1886 ob
350 1803 484 1880 causam
510 1798 709 1874 recusarunt
734 1797 900 1895 Episcopi
927 1803 961 1872 ei
985 1821 1052 1894 pto
1076 1819 1173 1872 more
1205 1822 1419 1891 occurrere,
1451 1823 1487 1874 et

276 1908 452 1985 honorem
476 1895 662 1984 exhibere,
689 1893 763 1969 imo
785 1895 897 1992 palam
919 1891 1100 1981 dixerunt,
1117 1892 1159 1989 se
1182 1900 1270 1968 nullo
1297 1903 1385 1972 modo
1409 1899 1485 1971 mlle
1536 1953 1537 1956 r

276 2008 351 2103 rjus
367 1994 528 2074 voluntari
543 1991 777 2088 succumbere,
802 1989 884 2086 sed,
903 1987 1286 2079 stercornmom'camrus
1307 1999 1486 2082 adomim,

275 2095 570 2178 excommunicatur
593 2092 716 2178 abiret,
749 2111 843 2181 quum
861 2089 959 2159 aliter
967 2086 1042 2182 sese
1057 2089 1176 2160 lrabeat
1201 2094 1406 2184 antiquorum
1436 2116 1486 2162 ca·

273 2219 393 2278 nonum
416 2191 601 2264 autoritas:
625 2201 663 2254 ut
684 2201 785 2256 autor
801 2181 929 2256 citatus
954 2183 1081 2268 refert,
1107 2183 1144 2256 er
1166 2182 1239 2278 iple
1271 2189 1387 2262 tonuit
1405 2185 1484 2272 Gre-

307 2293 398 2368 orius
415 2286 452 2362 in
465 2281 567 2382 epist.
589 2275 631 2352 ad
648 2277 842 2375 Episcopos
858 2278 1040 2366 Franciae,
1065 2281 1173 2374 Oper.
1200 2281 1382 2378 Agobard.
1406 2303 1481 2354 tom.

279 2319 328 2466 il.
353 2383 439 2462 edit.
457 2381 568 2454 Baluz.
600 2375 680 2450 Effe
697 2391 813 2448 autern
834 2371 1066 2470 fragmentum
1084 2373 1250 2471 epistolae
1275 2379 1391 2471 Papae
1410 2397 1482 2468 pro·

282 2489 345 2564 bat
367 2483 406 2555 P.
435 2478 557 2550 Marca
579 2472 723 2547 concord.
747 2471 878 2544 Sacerd.
904 2488 936 2543 tt
961 2471 1067 2566 Inper.
1094 2473 1113 2546 l.
1141 2471 1207 2545 lV.
1238 2493 1272 2544 c.
1313 2497 1392 2562 rr.,
1428 2467 1484 2544 ubi

275 2581 347 2656 ,hac
368 2573 414 2648 de
439 2591 477 2642 re
502 2571 598 2663 plura
621 2568 728 2640 ltabet
754 2567 914 2640 notanda.
966 2564 1065 2640 Difci
1093 2585 1207 2640 autern
1241 2568 1326 2642 inde
1359 2566 1484 2666 potest,

283 2666 479 2768 Episcopot
509 2683 581 2736 non
609 2677 743 2736 tanturn
780 2661 969 2738 absolutam
994 2659 1084 2737 suam
1126 2685 1145 2748 a
1171 2665 1259 2758 Papa
1292 2667 1336 2738 de
1366 2665 1486 2740 end-„n-

282 2769 371 2847 tiam
396 2783 468 2837 non
491 2754 695 2857 agnovilfe,
721 2755 779 2831 sed
803 2775 840 2830 et
863 2755 1032 2854 judicafle
1062 2781 1092 2833 ι.
1118 2779 1197 2832 com
1222 2759 1323 2854 Maje
1375 2783 1408 2832 te
1428 2761 1483 2828 ln·

336 2857 466 2936 ratoria
496 2851 682 2930 confillere
712 2873 784 2926 uon
820 2850 918 2946 polle
958 2852 1350 2928 excommunicationem
1381 2853 1483 2947 Papa·

286 2885 377 3042 leem:
402 2953 495 3050 quod
517 2953 608 3046 Papa
632 2948 670 3021 in
693 2946 747 3020 illa
772 2945 882 3042 Epist.
907 2946 1046 3023 refutat.
1096 2971 1129 3024 2.
1154 2951 1279 3046 Papam
1302 2949 1407 3047 ipsum
1422 2967 1481 3019 er·

286 3047 538 3138 communicari
560 3039 679 3152 polle,
712 3042 807 3136 quod
832 3045 922 3140 Papa
949 3065 1018 3116 non
1041 3061 1167 3141 negat,
1198 3045 1222 3119 si
1251 3045 1293 3122 stt
1314 3045 1485 3145 perjurus,

287 3145 485 3236 homicida,
520 3139 721 3234 sacrilegus,
755 3137 832 3227 fur,
866 3157 925 3214 aut
949 3137 1108 3214 similium
1134 3141 1279 3216 aliorum
1305 3141 1486 3218 criminum

289 3268 383 3330 seut.
431 3265 463 3334 3.
489 3232 686 3333 inperatori
718 3232 755 3308 in
782 3234 948 3327 ejusmodi
980 3237 1082 3311 rebus
1111 3237 1220 3336 magis
1250 3259 1353 3336 quarn
1387 3241 1484 3332 Papae

291 3341 362 3423 effe
384 3331 641 3439 obediendiam:
667 3330 759 3428 quod
784 3333 875 3430 Papa
899 3333 1006 3406 etiam
1032 3332 1181 3423 refellit,
1213 3331 1304 3409 suam
1328 3336 1481 3412 autorita-

292 3461 366 3518 tem
391 3431 480 3528 apud
506 3423 698 3522 Eptfcopor
721 3431 920 3521 praevalere
936 3429 1084 3518 debere,
1116 3435 1347 3509 contendens.
1371 3455 1403 3524 4.
1425 3425 1483 3502 dil·

290 3525 516 3633 tinguendum
533 3519 603 3598 effe
626 3520 719 3594 inter
734 3523 849 3594 sedem
876 3521 1154 3614 Romanam,.et
1177 3525 1271 3601 inter
1294 3552 1398 3620 eurn,
1427 3521 1481 3697 poi

262 3619 264 3622 ’
293 3637 333 3718 ln
354 3651 397 3710 ea
411 3623 530 3738 feder,
554 3609 648 3694 hunc
672 3615 800 3728 quippe
822 3618 951 3698 malum
975 3619 1045 3698 elle
1070 3621 1178 3746 polle!
1194 3641 1235 3704 tt
1255 3624 1404 3726 deponi,

1441 3619 1483 3692 al·

1444 3731 1490 3792 Y·
