3128 4454
565 209 672 288 recu.
699 209 786 288 rur.
879 264 886 280 .
1210 227 1293 314 ur,

82 378 217 462 moribus
239 387 415 485 praediri,
456 387 501 464 de
525 413 598 488 quo
621 389 693 464 vid.
727 385 937 482 Hortinger.
971 387 1049 466 hist.
1083 388 1224 470 Orient.
1258 397 1284 469 l.

79 479 103 584 13
126 501 152 553 c·
175 507 227 575 5.,
251 487 392 583 grallari
417 505 532 562 tamen
557 491 729 561 intereos
752 485 844 560 vitia
867 485 1078 581 injustitiae,
1111 493 1283 584 rapacita-

79 595 135 663 tu,
165 603 205 656 ac
227 581 403 674 libidinis,
436 583 606 660 testantur
633 583 868 658 itineratorea.
910 582 952 654 lrr
984 583 1126 677 Tutela,
1161 587 1281 684 inquit

76 673 196 776 Snitlt,
214 678 249 774 ſs
273 681 398 756 alicubi
422 696 605 768 terrarum,
627 679 769 778 justitio
793 674 919 772 prostat
944 683 1080 756 rrrralr's.
1128 685 1195 756 Per
1218 707 1281 779 pe·

76 769 197 855 clssiaru
221 797 259 850 et
285 777 487 874 largitiones
508 775 650 873 ingenia
678 779 874 849 Turtaturn
898 774 992 865 fera,
1035 797 1072 850 et
1097 801 1116 851 a
1140 778 1282 876 reliquit

75 870 177 975 ayersa
202 873 388 970 gentibus,
415 893 549 948 tantuna
574 870 749 969 mitigari,
780 890 818 943 et
847 869 1044 948 trallabilia
1067 873 1165 964 fieri,
1210 895 1280 952 tra·

73 960 113 1034 dit
134 965 369 1066 Burbequina,
394 972 456 1068 qui
482 970 589 1044 etiam
613 969 730 1058 addit,
763 969 901 1042 occulta
929 967 1062 1066 flagitia
1080 971 1195 1048 minus
1218 995 1280 1046 cu·

72 1059 148 1152 rari,
191 1065 250 1138 led
275 1065 455 1140 manifesta
478 1064 676 1163 gravilsrme
700 1063 829 1161 puniri.
882 1061 1016 1140 Turcas
1038 1065 1209 1142 fidelitate
1236 1087 1277 1141 et

71 1155 189 1232 uirtute
224 1161 430 1236 Christianis
460 1162 567 1258 longe
600 1160 669 1236 elle
704 1159 912 1245 inferiores,
956 1161 1100 1234 testatur
1139 1181 1281 1260 quoque

70 1250 265 1330 Mauudrell.
291 1258 326 1332 in
351 1259 474 1332 ltiner.
499 1283 535 1353 p.
565 1265 645 1351 183.
697 1253 803 1354 Quod
831 1266 948 1344 tamen
970 1255 1075 1352 aliqui
1113 1260 1279 1352 tradunt,

70 1345 180 1424 foedus
198 1375 281 1427 cum
305 1354 504 1428 infidelibus
526 1351 662 1426 liciturn
682 1356 749 1430 ell'e
774 1351 961 1446 frangere,
986 1351 1105 1426 salsum
1131 1351 1203 1427 est:
1237 1371 1277 1430 ut

69 1441 231 1522 Relaodut
254 1475 291 1548 p.
318 1452 364 1522 11.
388 1449 419 1549 l.
447 1457 504 1524 26.
526 1451 598 1546 jam
623 1451 753 1524 docuit.
799 1445 993 1522 Pudicitiae
1018 1446 1171 1544 denique
1188 1471 1277 1522 uxo·

69 1559 135 1612 runt
166 1543 247 1618 sunt
282 1547 384 1620 valde
415 1545 588 1634 studioli,
628 1547 718 1620 adeo
751 1559 790 1618 ut
824 1563 881 1614 eas
921 1562 1064 1618 teneant
1102 1541 1281 1627 conclusas

68 1633 171 1728 dorni,
195 1662 264 1716 nec
291 1642 390 1716 exire
415 1643 546 1729 sinant,
572 1639 634 1718 nili
660 1637 782 1737 paonis
799 1637 886 1710 adeo
903 1638 1097 1728 involutas,
1122 1661 1160 1714 ut
1176 1641 1274 1739 spec·

67 1747 112 1806 tra
131 1753 168 1808 et
194 1735 310 1812 larvae
337 1737 455 1832 potius
479 1739 697 1828 videantur,
742 1753 783 1811 ut
814 1736 962 1834 Busbeq.
987 1757 1025 1812 et
1058 1737 1171 1812 Smitlr
1203 1757 1275 1812 tra·

66 1827 151 1906 dunt.
196 1833 376 1908 scortatio
391 1857 427 1906 et
443 1833 648 1910 adulterium
656 1833 786 1925 llevere
802 1827 1015 1927 puniuntur,
1038 1831 1095 1909 illa
1111 1855 1274 1933 percen-⁴

67 1941 132 2000 tutu
157 1933 325 2024 verbera,
348 1930 420 2004 hoc
443 1955 507 2028 per
531 1929 794 2026 lapidationem.
1222 1941 1225 1950 '

170 2176 174 2185 .
323 2121 693 2197 runnaunuru
725 2117 1015 2198 rstaursurr:
1049 2061 1054 2066 ¹

98 2313 129 2416 ς.
153 2311 363 2388 CXXXIV.
399 2311 588 2388 lssamismo
612 2313 652 2387 in
674 2315 789 2411 lutern
806 2311 1007 2410 protradlo,
1032 2333 1164 2408 operae
1190 2337 1271 2408 pre·

61 2409 139 2484 tium
173 2407 351 2482 fueritin
382 2406 626 2498 fundamenta,
659 2411 783 2508 quibua
818 2407 1002 2495 innititur,
1043 2407 1268 2502 inquisiville.

60 2509 138 2580 Curn
161 2506 270 2580 libros
294 2506 653 2602 sacrosJudaeorunr,
679 2525 716 2577 er
740 2499 1036 2592 Christianorum,
1070 2502 1274 2598 adsumant,

60 2600 92 2676 in
112 2603 179 2676 illis
200 2602 300 2674 varia
321 2597 453 2674 exstare
475 2603 606 2676 debere
637 2602 735 2690 loca,
773 2601 815 2674 ad
845 2599 1136 2674 Muhammedern
1164 2603 1274 2696 perri·

60 2700 194 2788 nentia,
220 2719 361 2806 quoque
377 2698 545 2790 credunt,
570 2718 642 2772 non
658 2715 817 2787 tanturn,
842 2697 938 2794 quod
956 2698 1103 2771 eventus
1121 2719 1190 2774 tarn
1207 2698 1273 2773 stn-

60 2794 201 2889 prlan‘a,
226 2795 335 2890 quatu
358 2789 412 2866 est
438 2794 838 2884 Muharnmedanil‘mus,
863 2792 1000 2867 srlentio
1026 2815 1096 2901 non
1114 2797 1274 2891 potuerit

59 2890 188 2966 censeri
201 2887 382 2972 involutus
405 2889 442 2964 in
468 2893 581 2964 verbo
604 2891 840 2988 Prophetico,
864 2888 923 2964 sed
950 2889 987 2962 in
1012 2889 1149 2984 primis,
1175 2895 1272 2992 quod

60 2985 287 3061 Multammed
316 2985 355 3059 in
383 2985 560 3060 Alcorano
586 2986 688 3084 saepe
716 2989 761 3062 ad
794 2983 990 3082 Scripturas
1015 2987 1049 3061 S.
1075 3007 1271 3082 provocet,

61 3099 98 3153 et
115 3083 159 3155 de
184 3084 218 3158 le
246 3105 304 3156 eas
329 3079 399 3158 effe
423 3085 557 3158 locutae
588 3084 742 3174 adserat,
776 3085 973 3180 absqueut
1006 3079 1168 3158 homines
1192 3087 1274 3182 ejua'

60 3176 224 3275 temporit
246 3178 535 3266 contradixerint.
587 3178 694 3278 Quod
717 3180 875 3254 ultimum
902 3175 975 3250 falfi
1002 3175 1106 3251 facile
1122 3183 1271 3258 convin-

55 3270 164 3367 citur,
196 3297 278 3350 curn
301 3270 416 3350 statim
441 3295 482 3348 ac
506 3275 699 3386 Alcoranua
722 3276 758 3349 in
784 3275 956 3384 publicana
978 3275 1120 3386 tenerit
1144 3277 1270 3356 notiti-

55 3367 1270 3568 ll.lllllllsslllllzlllllfiffl,ral‘ldllllllllrl

55 3579 188 3656 tormn,
227 3585 302 3640 non
333 3564 421 3639 adeo
452 3563 573 3659 liquet.
624 3563 781 3640 Tanturn
817 3562 927 3639 refert
952 3563 1194 3642 Tltalebieulis
1222 3563 1268 3640 ad

53 3660 120 3744 Sor.
144 3663 223 3744 tv:
251 3665 338 3754 1⁶5·
362 3683 408 3742 ex
431 3659 512 3738 Ebn
534 3659 685 3751 Abbasr,
708 3662 941 3747 celeberrimo
963 3677 1106 3758 autore,
1136 3659 1275 3758 priora-¹

641 3760 717 3853 s,
1215 3771 1276 3846 ter
