3202 4468
619 219 820 316 secitur.
1254 239 1341 320 703·

101 401 263 502 Aegypti
287 396 617 498 comprehendens,
650 399 805 478 Arabum
831 421 919 478 vero
944 399 1071 482 vicinis
1096 396 1225 500 regulis
1260 399 1325 489 tri,-
1449 463 1452 469 .

101 502 263 579 butariir.

153 596 186 695 §.
213 595 379 670 DCLlV.
403 591 560 668 Historia
577 593 750 668 Ecclefiae
768 593 944 695 hocusque
960 594 1148 692 perduoi,
1175 615 1253 667 cuni
1268 608 1325 702 pe·

105 695 214 772 rioilus
238 689 513 766 charaEleristica
535 689 641 764 slatus
664 689 831 782 Ecclesiae
859 695 998 767 externi
1027 712 1063 765 et
1088 690 1243 780 interni,
1287 707 1326 764 ut

105 813 145 866 et
168 789 338 876 civitatis,
359 787 402 861 ab
426 786 531 862 initio
549 785 654 860 seculi
673 787 741 863 lV.
767 787 929 878 finiatur,
956 811 1001 863 ex
1025 809 1103 864 mea
1126 783 1326 900 opinione,

105 887 204 964 circa
225 883 334 956 finem
358 883 464 958 sectili
489 883 575 971 XL,
600 905 689 978 quac
714 885 815 956 tertia
838 879 889 957 est
913 885 1103 980 periodus,
1128 907 1204 982 eiua
1230 901 1326 954 noti·

108 984 197 1058 riam
223 999 268 1052 ex
293 979 447 1052 Metlodo
471 978 587 1054 mollia
612 979 826 1074 Prophetica
851 979 1081 1080 subjungere,
1114 1003 1187 1058 iion
1207 977 1268 1056 abr
1290 993 1330 1054 re
1438 998 1450 1022 ⁸

105 1079 181 1157 suit
206 1073 345 1168 visum,
371 1073 478 1150 instar
502 1073 719 1172 adpendicir.
745 1107 749 1118 ⁴

477 1241 724 1343 rumonus
767 1233 975 1346 rancia·

238 1459 275 1534 n
298 1453 677 1532 CONSTANTINO
699 1457 760 1532 M.
782 1459 854 1536 ao
877 1459 1054 1539 ainau.
1078 1449 1207 1566 eata
1290 1443 1324 1574 j,

596 1647 776 1756 siacum
792 1649 857 1728 xi.

164 1843 199 1946 i.
221 1843 371 1922 DCLV.
416 1839 520 1938 Quod
560 1841 604 1916 ad
640 1839 903 1920 Trasiationem
942 1843 1139 1941 fflstrricairi
1178 1843 1335 1936 adriae't‘,

35 2007 43 2022 ‚
115 1940 304 2032 Charafiier
336 1937 476 2016 Periodi
524 1935 578 2011 est
606 1939 879 2032 cognoscendus.
934 1943 998 2016 Aci·
1026 1941 1221 2032 Historiam
1260 1941 1332 2032 Ere

121 2035 249 2133 rufiac-
281 2057 346 2135 per
383 2034 505 2106 omnia
542 2033 630 2106 haec
669 2035 792 2108 Secula
829 2036 982 2111 animum
1024 2033 1255 2128 advertenti,
1297 2047 1336 2114 et
1372 2039 1386 2050 “

118 2135 238 2212 varior
261 2130 355 2208 casui
377 2130 597 2219 revolventi,
622 2127 711 2203 nihil
735 2131 865 2228 magis,
890 2131 976 2207 nihil
992 2135 1109 2232 prius,
1134 2136 1223 2212 nihil
1239 2135 1331 2212 illus⁴
1365 2187 1393 2203 «-

122 2230 229 2320 tritis,
267 2229 309 2304 se·
326 2227 432 2302 offeri
454 2231 595 2336 praeter
618 2225 801 2302 continuas
824 2227 904 2302 lites
927 2228 985 2303 seii
1018 2229 1235 2324 Doiiriiiae,
1270 2227 1336 2335 seu

116 2328 264 2414 Cultor,
287 2325 346 2400 seii
369 2320 570 2420 Regrmioir
595 2321 710 2412 causa,
763 2345 802 2395 er
824 2342 934 2398 totam
959 2325 1147 2404 Ecclesium
1164 2327 1335 2424 ‘habitar,

123 2421 276 2518 indeque
308 2437 402 2493 ortas
431 2415 637 2512 multiplices
669 2417 712 2491 de
741 2419 895 2496 nitiones
920 2423 1074 2518 publicas
1096 2425 1132 2498 iri
1165 2425 1338 2530 spondis,
1394 2477 1396 2484 ·

122 2523 240 2595 donec
264 2511 479 2613 quaestiones
500 2512 566 2585 sirit
591 2512 744 2609 sopitae,
770 2535 807 2589 et
830 2515 1003 2594 Ecclesiae
1021 2520 1057 2592 in
1085 2522 1195 2596 varias
1217 2519 1338 2600 scillae
1467 2568 1471 2577 ·

122 2633 260 2716 parter,
293 2633 380 2708 quae
404 2609 552 2682 totidem
578 2606 726 2682 diversas
748 2610 966 2688 constituunt
992 2616 1201 2690 Societates.
1254 2617 1339 2724 Pera,

123 2728 300 2786 curramus
329 2707 448 2783 omnia
479 2705 543 2778 illa
575 2703 707 2792 secula,
741 2723 779 2778 et
812 2712 905 2782 nollo
939 2715 1086 2805 negotio
1120 2713 1317 2792 videbimur

122 2801 311 2885 Historiam
335 2800 507 2878 Ecclesiae
527 2801 564 2874 in
591 2819 630 2872 ea
653 2822 691 2901 re
716 2803 901 2900 praecipue
929 2807 1067 2882 uersari.

136 2940 143 2952 ·
173 2901 302 2981 wSeculo
326 2900 383 2976 IV
417 2898 590 2972 excitatae
624 2897 700 2968 sunt
732 2903 919 2974 acerrimae
951 2898 1036 2976 lires·
1066 2927 1145 2978 coin
1180 2903 1345 3001 Arianis,

128 2995 378 3075 Semi-Arianis
410 3012 448 3090 et
481 2991 718 3080 Photinianis,
761 2995 805 3066 de
837 3019 918 3070 vera
953 2998 1087 3087 Christi
1119 2999 1340 3095 Divinitate3

126 3085 485 3188 ciim'Apollinaristis
517 3089 562 3163 de
591 3089 698 3161 modo
725 3091 876 3166 Unionis
903 3095 1044 3170 duarum
1073 3115 1275 3176 naturarum
1300 3105 1341 3180 in

130 3186 292 3274 Christo,
322 3209 406 3260 cum
432 3180 687 3260 priscillianistis
714 3185 978 3265 Manichaeismi
1014 3191 1173 3266 renovari
1203 3199 1340 3276 accusa*

1323 2767 1342 2848 θ,

132 3283 201 3373 ris,
225 3281 488 3370 Mestrianus,
520 3280 593 3355 anti
618 3279 671 3352 uir
695 3279 760 3355 illis
786 3282 950 3375 Pierius,
978 3286 1038 3362 ‘seu
1064 3287 1245 3388 Mysticis;
1277 3295 1348 3368 cle·'

132 3378 239 3475 nique
265 3397 343 3452 cum
369 3375 566 3453 Donatistit
589 3303 636 3450 se
657 3399 761 3450 verae
785 3377 957 3455 Ecclesiae
979 3385 1094 3477 notis,
1119 3393 1164 3462 de
1178 3383 1350 3486 Juiisdicq

134 3474 244 3550 rionis
267 3473 435 3569 limitibus
458 3477 552 3550 inter
576 3473 807 3565 Patriarchas,
845 3479 1095 3576 Metropolitas
1128 3501 1165 3554 et
1197 3478 1352 3584 Episco,

162 3593 218 3646 0³2
255 3589 300 3642 ne
332 3569 414 3647 aliar
448 3569 675 3667 specialiores·
694 3566 772 3641 lites
802 3595 1004 3653 memorent.
1025 3651 1029 3664 .
1051 3578 1123 3650 'Sed
1175 3600 1238 3661 troc
1259 3583 1355 3660 'non
1515 3599 1518 3606 '

134 3596 299 3766 §prodit
329 3687 419 3764 quot
440 3663 764 3746 luciferianae?
797 3662 885 3764 quoi
909 3600 1247 3749 definitionet'sr'ioe
1275 3669 1355 3756 'riom'

120 3763 213 3841 'saut
234 3765 381 3846 orroei,
715 3762 871 3858 'l'ttt4
1091 3779 1113 3798 ²
1228 3770 1361 3872 seem
