3104 4814
437 748 445 755 -
591 746 594 752 -
675 696 782 775 Secari,
805 696 891 773 Vir.
1323 729 1393 809 ¹4?

198 886 377 971 praeterea,
400 872 567 948 arborum
593 869 629 947 ei
656 873 797 949 obviam
820 872 978 950 euntium
1006 875 1219 970 processum,
1247 886 1389 978 quoda

193 969 348 1067 lapidibus
376 968 489 1042 inerit
519 970 700 1062 salutatur,
739 993 825 1068 aqua
860 971 953 1045 inter
976 970 1110 1069 digitos
1139 976 1214 1070 ejus
1245 981 1385 1056 scaturi·

189 1066 288 1154 uerit,
332 1064 464 1138 turbam
487 1067 629 1139 multam
651 1066 894 1163 ,exiguocibo
920 1065 1142 1159 saturaverit,
1179 1069 1248 1167 ipsr
1279 1078 1386 1171 adge.

183 1161 296 1234 muerit
327 1164 440 1248 trabs,
480 1163 571 1258 apud
606 1184 684 1235 eum
711 1160 916 1258 conquestus
940 1161 982 1236 sit
1007 1165 1175 1252 camelus,
1208 1169 1382 1267 denique,

180 1254 262 1356 quod
284 1252 474 1329 uvir·assae
496 1260 605 1331 armu'a
623 1257 735 1355 ipsum
759 1257 804 1331 de
818 1260 991 1349 ueneno,
1016 1282 1085 1356 quo
1109 1258 1262 1337 infestus
1283 1287 1380 1359 crat,

177 1351 401 1429 almonuerit.
450 1352 615 1444 Scilicet,
631 1376 711 1427 cum
729 1354 954 1451 expugnasset
973 1357 1091 1429 urbem
1111 1356 1281 1450 Chaibar,
1305 1362 1384 1437 soe-
1481 1406 1486 1413 -

175 1448 260 1522 uina
281 1443 551 1618 aliquassiudaea
571 1448 636 1547 ipli
662 1471 769 1523 ovem
792 1472 932 1523 veneno
954 1447 1122 1525 infectam
1145 1454 1292 1541 obtulit,
1316 1481 1379 1531 cu·

172 1547 320 1641 juncum
348 1543 405 1617 sru
438 1545 531 1619 ulum
553 1543 763 1644 accepisset,
795 1563 841 1617 et
863 1544 1109 1619 manducatum
1143 1569 1204 1621 ore
1229 1550 1379 1643 exspuis

174 1641 237 1729 set,
274 1638 408 1713 dixisse
430 1638 561 1731 fertur,
601 1659 718 1716 narrat
742 1640 821 1713 milri
844 1641 1016 1713 liaconis
1039 1638 1080 1735 se
1103 1665 1219 1717 vereor
1242 1643 1303 1740 effe
1326 1651 1379 1721 iu.

167 1735 302 1832 fesium
342 1758 364 1810 a
391 1758 463 1833 quo
496 1754 657 1834 tempore
683 1740 758 1810 vi'rn
778 1735 908 1810 veneni
947 1732 985 1809 in
1010 1735 1046 1807 se
1070 1734 1209 1834 semper
1238 1740 1291 1814 est
1315 1763 1378 1820 err·

182 1850 315 1927 pertus,
330 1829 486 1928 indeque
502 1853 673 1907 mortuus.
701 1831 790 1906 Vid.
808 1828 972 1905 Abulsed.
984 1830 1220 1908 vitMubam.
1240 1858 1273 1910 c.
1288 1855 1377 1931 45„
1480 1876 1486 1887 κ

114 1992 116 2057 ³
170 1924 1378 2133 {lullljlelllll’2smllllllllrllbbolllllt

170 2120 241 2194 imo
266 2118 508 2194 Abu-Ahmed
538 2117 814 2211 Gennabrensis,
850 2138 954 2192 autor
986 2136 1078 2191 iuter
1104 2120 1377 2203 Muhammeda·

171 2238 230 2289 noa
267 2214 441 2304 celebris,
491 2214 622 2306 refert,
655 2213 778 2311 ipsum
817 2213 925 2303 mille,
965 2211 1026 2287 alii
1067 2214 1134 2289 tria
1166 2216 1295 2311 millia,
1336 2237 1378 2298 ut

171 2310 334 2405 Ebu-lily
366 2308 404 2383 in
438 2311 513 2383 vita
545 2314 640 2407 ejus,
680 2307 839 2420 patrasse.
890 2311 942 2383 lll.
976 2309 1121 2417 Grotius
1153 2310 1200 2386 de
1236 2322 1376 2394 raritate

167 2408 258 2504 relig.
281 2405 412 2480 Christ.
435 2407 459 2480 l.
485 2406 551 2482 vl.
583 2426 800 2479 mentionem
823 2427 958 2501 quoque
979 2402 1067 2477 feert
1090 2406 1295 2501 columbae,
1328 2412 1374 2490 ad

166 2525 280 2611 aurern
312 2503 391 2597 ejus
423 2500 640 2591 advolantis,
679 2500 738 2576 scd
777 2502 874 2598 cujus
915 2500 1049 2574 Arabes
1090 2496 1156 2594 ipsi
1196 2525 1375 2602 nunquam

164 2616 406 2672 meminerunt.

203 2694 237 2795 s.
262 2693 488 2768 CXXXVII.
516 2690 794 2789 Vaticinia„pro
821 2691 927 2789 lignis
950 2715 1089 2789 quoque
1112 2692 1371 2790 prophetarum

161 2788 282 2866 haberi
306 2789 422 2877 solita,
456 2788 610 2884 quaein
641 2790 818 2879 Alcorano
847 2791 1090 2884 reperiuntur,
1122 2788 1202 2861 sunt
1235 2807 1373 2869 tantum
1406 2816 1410 2884 ζ

158 2884 353 2986 generalia,
380 2907 426 2958 ex
451 2881 664 2978 conjeiluris
687 2907 729 2958 ac
745 2882 949 2977 prudentiae
971 2881 1100 2977 regulis
1118 2882 1245 2978 petita,
1268 2907 1373 2976 quae·

159 3005 224 3081 que
244 2979 667 3053 -Mubammedanisnrurn
707 2973 818 3075 magis
863 2978 1056 3065 extollunt,
1102 2999 1204 3075 quam
1255 2979 1373 3059 futura
1501 3034 1504 3041 -

139 3074 1372 3261 'llllllllll„llllllrsl‘nllus,‘'liblllglllt

156 3268 366 3366 praestantia
383 3223 568 3353 Alcorarii,
596 3267 774 3339 anemine
789 3262 978 3351 imitanda,
997 3267 1073 3336 Sur.
1093 3264 1139 3337 ll:
1161 3284 1218 3340 aa.
1242 3195 1370 3346 XVII:

156 3389 213 3455 91.
238 3366 285 3437 de
308 3361 508 3436 inimicitiis
537 3380 574 3433 et
597 3358 684 3435 odiis
717 3361 852 3457 semper
886 3359 977 3433 iuter
1000 3355 1228 3437 Christianos-
1244 3363 1373 3443 sutoria

158 3466 230 3535 Sur.
259 3460 313 3533 V:
343 3481 400 3547 ις.
427 3459 472 3531 de
494 3455 705 3554 Judaeorum
729 3455 923 3552 ignorantia
948 3471 985 3528 et
1007 3471 1177 3549 perpetua
1198 3460 1373 3556 repudia·

161 3558 276 3644 tione,
321 3556 399 3629 Sur.
431 3554 496 3628 Ill:
526 3577 606 3627 110.
652 3554 702 3629 V:
729 3574 789 3645 70.
820 3575 882 3625 eor
915 3572 1089 3647 nunquam
1123 3569 1275 3629 mortem
1303 3552 1375 3636 elie

158 3668 422 3747 exoptatores,
439 3650 516 3722 Sur.
540 3650 587 3721 ll:
613 3668 674 3744 93.
698 3646 757 3721 ubi
785 3646 976 3721 maximum
999 3644 1126 3720 dicitur
1150 3647 1374 3747 miraculum,

157 3749 252 3846 quod
276 3747 377 3820 Deus
400 3767 462 3816 eoa
478 3766 497 3816 a
516 3761 629 3817 morte
647 3743 927 3839 concupiscenda
945 3760 1122 3817 evocaret.
1170 3744 1279 3819 Porro
1297 3748 1374 3823 Ro.

157 3866 283 3919 manos
316 3839 395 3913 sore
426 3836 605 3913 Persarum
639 3838 812 3928 vibiores,
846 3840 923 3913 Sur.
950 3836 1067 3913 XXX:
1094 3860 1127 3912 1.
1174 3838 1373 3925 Meccanor

154 3941 237 4013 fore
257 3939 294 4010 se
312 3933 519 4023 inferiores,
537 3936 613 4013 Sur.
636 3937 738 4010 LlV:
762 3940 825 4025 46.
876 3932 945 4009 Sed
965 3934 1047 4011 aliae
1063 3932 1261 4011 reseruntur
1275 3959 1375 4032 prae·

156 4034 361 4122 dictiones,
384 4053 404 4104 a
426 4029 683 4107 Muhammede
707 4028 839 4123 saitae,
867 4033 909 4108 ab
926 4052 1044 4106 earum
1065 4031 1241 4105 autoribus
1256 4028 1381 4124 postea

157 4126 411 4228 excogitatae,
434 4126 494 4203 sed
514 4146 587 4202 nou
605 4124 675 4205 nili
693 4124 792 4296 pol}
800 4146 994 4223 eventum,
1016 4122 1204 4203 manifesto
1220 4122 1382 4226 indicio,

814 4244 838 4300 2
1332 4244 1392 4310 eii
