3104 4814
561 664 580 727 ,·
654 640 778 727 'Serui
802 632 889 723 VH.
926 652 932 665 ’
979 660 989 683 ·
1339 676 1388 755 S?

158 825 341 905 tumenica
358 822 512 914 Vlline,
539 842 640 918 quani
656 820 905 924 Quiri-Seria,
931 823 1035 923 saepe
1053 823 1161 903 etiam
1178 826 1386 928 simpliciter

161 928 284 1012 Serto,
311 922 401 997 solet
429 916 617 1015 adpellari,
636 922 865 1013 altatarium,
898 944 919 995 a
937 925 1250 1009 loeo‚.CPolitana
1267 927 1383 1018 lVro,

164 1044 200 1097 et
221 1018 359 1095 eximie
387 1017 582 1097 Triduum⁸¹
606 1016 788 1097 Dederuut
815 1038 953 1114 quoque
978 1018 1042 1113 ipli
1057 1019 1184 1097 -Pattet
1209 1025 1383 1099 tationem

166 1133 386 1195 oouvocatae
407 1112 565 1209 synodi,
591 1131 688 1207 quatu
709 1118 925 1203 memoravi,
952 1113 989 1187 iu
1017 1114 1382 1216 suaadduperatoretu

168 1210 406 1290 adlocutione.
453 1206 588 1287 Habita
621 1226 711 1283 vero
729 1208 813 1299 est,
836 1230 918 1298 ‚nun
945 1232 977 1283 a.
999 1218 1109 1301 ·686.,
1148 1236 1187 1288 ut
1228 1214 1385 1291 Taiasiua

167 1310 265 1384 croi.
289 1302 574 1403 Episcoputsee.
591 1302 765 1398 sequente
781 1305 897 1396 dixit,
922 1326 989 1378 nec
1008 1329 1039 1381 a.
1065 1330 1173 1401 707„
1197 1328 1236 1385 ut
1260 1310 1383 1389 Theo,

175 1406 329 1505 phaner,
352 1398 415 1475 sed
440 1422 471 1473 a
496 1405 581 1489 690.
605 1404 662 1473 vel
684 1405 792 1491 upa,
818 1420 926 1477 uteri
952 1410 1087 1475 canone
1112 1408 1201 1499 3ii'o,
1217 1474 1220 1479 .
1234 1424 1271 1479 et
1293 1404 1384 1499 epis«

169 1520 296 1600 mpetu
321 1494 441 1593 Sergii
467 1495 599 1589 Papae,
621 1492 660 1569 iu
682 1496 944 1594 cujurtempus
965 1494 1111 1588 incidit,
1136 1501 1278 1597 aliisque
1306 1522 1384 1603 moq

172 1592 430 1682 monumentis,
445 1592 642 1687 probarunt
657 1590 730 1665 duo
745 1592 850 1689 Pagi,
873 1595 916 1667 ad
945 1593 1090 1682 Baton,
1114 1614 1153 1667 et
1181 1595 1225 1669 in.
1240 1596 1383 1669 Brevia·

175 1696 241 1767 rio.
285 1688 471 1787 synodum
492 1682 624 1769 indixit
646 1686 687 1759 Iu
774 1686 1088 1783 tor;.Justiuiauus,
1127 1708 1166 1763 ut
1190 1690 1271 1771 satis
1296 1713 1388 1771 coit·¹

179 1786 250 1865 stat.
280 1784 351 1883 lpfi
366 1790 510 1893 quoque
534 1782 710 1865 Periere
732 1772 808 1879 eiiii
820 1780 918 1880 -J'ussu
941 1782 1013 1857 else
1026 1796 1260 1882 congregatos
1275 1788 1306 1879 l.=
1320 1785 1387 1863 eir.

174 1882 340 1965 uellantur
351 1881 503 1955 diserte..
524 1876 889 1955 Adsueruutuumero
908 1901 999 1969 240,
1022 1880 1207 1956 secuudum
1224 1902 1392 1959 autorem.

174 1978 471 2073 libelli-Synodici‘,
510 1974 566 2047 vel
594 1994 684 2067 211,
720 1974 908 2051 secundum
939 1974 1120 2065 Blastarem
1150 1996 1187 2051 et
1217 1975 1388 2055 Basano-

177 2100 278 2167 uem,
314 2076 404 2147 lieet
428 2092 496 2145 2:11
523 2088 657 2142 tamum
683 2071 842 2166 legantur
864 2070 1101 2169 subscripfiffe.
1157 2074 1257 2147 luter
1289 2072 1390 2170 prin·

177 2168 370 2341 urard
388 2164 989 2338 mariandina?
1022 2166 1263 2339 {silui
1297 2170 1388 2341 Pil}

176 2386 239 2461 que
276 2317 409 2468 Legati
444 2358 578 2452 Papae,
614 2374 657 2433 ut
687 2358 814 2432 diserte
857 2316 1016 2433 testattlt·
1034 2342 1227 2433 Anastafius
1258 2288 1391 2436 inquio

177 2476 212 2531 ta
238 2458 304 2531 Ser
330 2456 358 2529 ii
383 2456 527 2549 Papae,
576 2449 632 2525 sed
663 2453 752 2547 qui,
794 2473 956 2551 tanquam
989 2453 1102 2549 Papae
1134 2452 1387 2553 apocrisiarii,

176 2574 211 2629 et
232 2479 485 2659 Resgousaler,
509 2545 650 2659 aderanf
674 2549 798 2639 CPoii,
823 2551 866 2623 ad
891 2553 983 2624 lianc
1007 2550 1189 2647 synodum
1207 2574 1279 2626 non
1306 2550 1383 2646 spe·
1413 2560 1422 2573 “

172 2651 308 2725 cialiter
328 2646 439 2735 miffi,
462 2661 523 2717 aut
543 2642 658 2738 legati.
711 2645 845 2741 Utique
868 2644 1025 2732 Basilius,
1052 2650 1177 2720 Cretae
1193 2649 1385 2740 Metropo-

172 2748 317 2832 litauut,
343 2742 380 2815 se
404 2743 438 2813 in
464 2740 607 2835 Synodo
623 2739 793 2834 inscripsit
811 2742 953 2834 legatum
971 2744 1069 2813 torius
1086 2744 1204 2836 Synodi'
1220 2740 1392 2832 Ecclrstoe:

170 2841 349 2917 Romanae.
399 2834 545 2911 Conditi
569 2854 685 2908 autem
708 2835 786 2910 sunt
810 2857 880 2908 102
904 2858 1077 2924 canones,
1110 2834 1254 2908 restibus
1285 2857 1384 2909 auto·

178 2940 292 3025 ribus,
313 2956 350 3007 et
375 2930 480 3030 ipsit,
505 2929 564 3027 qui
584 2929 787 3022 supersunt,
811 2930 1027 3018 canonibus3
1051 2928 1148 3004 iuter
1173 2955 1261 3027 quos
1284 2928 1397 3009 multi·

184 3033 262 3105 sunt
287 3030 381 3103 omui
407 3023 709 3135 animadqeisione
732 3023 851 3124 digni,
891 3042 929 3136 ut
949 3030 1094 3121 primus,
1129 3049 1200 3122 quo
1218 3026 1415 3105 dodtiina:

171 3126 407 3224 superioribus
432 3122 589 3196 conciliis
613 3122 748 3199 firmata
769 3121 980 3213 adsumitur,
1020 3141 1058 3195 et
1072 3119 1264 3218 secundus,
1309 3146 1384 3221 quo

170 3247 294 3299 omnes
320 3241 474 3297 canones
500 3217 731 3293 conciliorum
757 3238 795 3293 et
815 3220 955 3293 Parium
978 3217 1213 3314 recipiuntur,
1238 3242 1403 3315 quoium»

172 3318 338 3398 colleeiio
358 3314 412 3389 est
436 3315 474 3388 in
501 3313 684 3389 Pandedlis
717 3312 919 3410 Beveregii.
971 3312 1143 3388 Nonnulli
1175 3337 1318 3412 quoque,
1343 3320 1386 3393 iu

171 3421 261 3491 titur
284 3410 462 3489 Ecclesiae
483 3411 666 3486 Romanae
692 3410 902 3507 inpinguut,
927 3408 1056 3506 eosque
1071 3407 1257 3506 rejiciunt,
1282 3431 1321 3485 ut
1337 3411 1398 3485 de-

178 3509 308 3609 jejunio
329 3508 462 3583 sabbati
482 3507 619 3598 vetito,
644 3506 689 3582 de
705 3515 761 3596 ‚85
786 3504 998 3597 canonibus,
1023 3505 1071 3581 sic
1086 3503 1206 3596 dietis,
1230 3503 1385 3603 Apostos

173 3608 256 3689 licit
279 3603 494 3701 adprobatis,
542 3603 588 3677 de
624 3602 794 3699 conjugio
824 3601 1111 3713 Presbyteiorum
1142 3619 1178 3675 et
1207 3600 1403 3683 minorum·

172 3702 387 3783 clericorum
424 3697 546 3788 licito,
576 3696 623 3771 de
647 3696 858 3797 aequalitate
875 3697 1009 3772 sedium
1033 3701 1216 3773 Romanae
1232 3716 1271 3772 et
1288 3702 1408 3775 ceo-2

173 3804 320 3888 itunae,
342 3798 389 3873 de
417 3790 558 3873 Christo
595 3792 708 3870 forma
728 3791 811 3889 agui
834 3812 906 3868 uon
921 3792 1123 3911 pingendo,
1147 3794 1193 3869 de
1208 3792 1386 3871 abstineu-
1402 3838 1410 3867 .·

173 3898 255 3972 tiaa
273 3893 439 4006 sauguine
452 3907 491 3965 et
516 3887 686 3999 suliocato
708 3891 833 3968 severe
862 3890 925 3967 hie
949 3889 1118 3990 inpunita
1169 3888 1313 3965 Exliint
1345 3889 1409 3971 iu,

172 3989 359 4081 Paudedha
385 3983 577 4083 Beveiegii
595 4000 687 4071 'cum
703 3986 857 4065 scholiis.
904 3988 1090 4077 Ceterum,
1128 4005 1167 4061 ut
1188 3985 1272 4059 illud
1306 3982 1415 4057 sub-i

168 4092 335 4193 jungam,
366 4084 407 4165 iu
433 4084 506 4161 hoc
529 4082 682 4165 “concido
703 4081 991 4256 adprobatur'est
1011 4104 1060 4165 et.
1073 4082 1307 4175 confirmatus.
1319 4084 1418 4260 {dol

295 4266 302 4273 .
348 4260 353 4271 .
805 4203 829 4260 2
1344 4196 1392 4270 ex
