3104 4814
593 624 621 689 f
713 582 820 693 Semi.
852 599 920 675 XI.
946 537 949 543 Ι
1075 698 1085 716 ⁸
1352 620 1427 715 ⁶91

187 772 256 873 fiae
278 775 421 871 babere,
455 774 514 850 vei
530 771 608 870 fine
633 794 788 874 urgento,
823 778 1093 878 cognomitatur
1126 780 1187 861 est.
1235 785 1419 869 Puer-emt

184 877 381 948 -uualrm'us
404 897 487 951 cum
512 880 676 948 exercitu
712 878 791 966 suo,
826 877 1054 954 Getrntnism
1089 879 1160 952 fine
1193 883 1421 963 incorrrmotio

187 971 392 1071 peragravit
423 972 528 1066 usque
568 976 610 1042 ad
651 972 894 1069 Hungatiam‚
935 979 1035 1071 cujus
1075 976 1156 1051 Rex
1190 981 1420 1059 Caiumannus

188 1071 339 1145 liberum
360 1069 442 1164 ipsrs
466 1064 644 1140 traufitum
670 1090 708 1140 et
732 1090 923 1142 mercatum
948 1070 1137 1159 concessit,
1170 1078 1279 1150 modo
1302 1083 1417 1153 nemi·
1507 1092 1510 1097 '

188 1165 230 1238 ni
253 1164 385 1238 iacmnt
409 1164 583 1258 injuriam.
635 1163 739 1262 Quod
763 1187 844 1238 curn
879 1189 950 1238 non
983 1165 1222 1263 praestarent,
1254 1174 1418 1251 homines

186 1282 378 1336 maximum
408 1281 544 1356 partem
575 1260 735 1354 perimi,
771 1264 884 1356 aliqua
915 1265 958 1335 ab
984 1262 1171 1354 Hungaris
1200 1268 1283 1358 pusii
1315 1273 1415 1362 sunt.

191 1356 254 1431 sed
275 1361 383 1452 longe
407 1353 569 1453 graviora
593 1379 680 1430 mox
703 1380 724 1430 a
747 1357 918 1451 Bulgaris.
964 1359 1054 1429 Cum
1078 1359 1173 1432 enirn
1198 1381 1233 1432 ro
1258 1366 1417 1463 Bulgarin

193 1474 359 1549 tanquam
389 1456 544 1526 iatronet
571 1452 831 1546 grassarentur,
873 1455 909 1525 in
943 1475 1007 1526 eos
1049 1451 1211 1546 inpetum
1249 1457 1431 1539 seceruot‘

189 1552 355 1647 Buigari,
386 1565 802 1642 maximamque2partem
826 1551 1054 1634 deleverunt,
1093 1550 1151 1621 vei
1186 1550 1412 1648 dissipatura

153 1653 285 1723 ÷adeo
307 1652 412 1719 etiam
447 1664 486 1716 ut
516 1660 611 1714 totus
634 1646 714 1719 ‘iste
746 1645 921 1718 exercitus
952 1645 1077 1739 partim
1110 1645 1251 1739 giadio,
1283 1654 1412 1746 partim

188 1741 285 1818 fame
310 1743 427 1816 suisset
450 1742 652 1826 absumtus‚.
674 1737 739 1814 nist
761 1742 928 1835 Princeps
951 1736 1153 1834 Bulgariue,
1188 1764 1309 1820 eurum
1342 1751 1411 1823 mi.

188 1843 322 1928 sertus„
345 1839 506 1911 alimenta
521 1854 559 1906 et
577 1836 832 1910 dueerrtinens
854 1834 1022 1909 dedisset:
1051 1855 1116 1930 qua
1138 1837 1279 1912 ratione
1303 1846 1410 1941 usque

189 1936 333 2008 crona.
359 1950 544 2008 venerunt.
595 1931 752 2025 Pejorem
777 1933 893 2006 adhue
915 1932 1043 2004 sortem
1069 1926 1190 2005 nasius
1215 1934 1266 2007 est
1290 1940 1409 2015 Petrus

187 2032 361 2119 Eremira,
385 2050 466 2101 cum
491 2028 548 2100 sua
575 2044 687 2100 turma
710 2025 908 2116 insecutus,
933 2030 1014 2123 quia
1039 2025 1114 2118 ejus
1140 2034 1338 2124 exercitus,
1364 2058 1411 2110 ex

186 2148 251 2217 40.
277 2128 434 2200 virorum
460 2122 612 2197 miiibus
634 2120 810 2214 constans,
834 2146 1011 2197 atrociora
1037 2124 1212 2198 commisit
1239 2128 1276 2201 in
1305 2132 1407 2208 isun-

187 2223 289 2318 garia
319 2242 357 2294 et
386 2218 547 2313 Bulgatia
575 2217 724 2308 scelera,
762 2221 891 2315 partim
921 2218 1122 2306 eremitae,
1163 2225 1291 2313 partim
1334 2250 1408 2303 tut·

184 2340 267 2395 mae
291 2319 365 2413 ejus
388 2317 500 2409 culpa.
532 2312 606 2388 Etsi
622 2315 719 2388 enim
745 2316 825 2391 Rex
842 2317 1046 2410 Hungauae
1069 2315 1216 2388 iiberurn
1235 2327 1407 2412 permise.

181 2413 232 2488 rit
256 2412 451 2500 transitum,
476 2413 584 2483 modo
600 2411 780 2509 tranquille
798 2432 963 2507 agerent,
987 2411 1128 2498 Petrus,
1152 2421 1276 2488 contra
1298 2418 1412 2494 fidem

184 2513 322 2600 datam,
348 2511 417 2581 suis
440 2505 627 2595 coneeffit,
652 2505 690 2580 in
719 2507 910 2583 vindicium
939 2505 1073 2578 sciiicet
1096 2506 1294 2599 maiorum,
1321 2537 1410 2608 quae

184 2606 320 2683 milites
346 2603 511 2697 Gualterii
538 2601 622 2699 paffi
649 2623 771 2694 erant,
796 2606 914 2679 urbem
940 2603 1133 2698 quandam,
1169 2604 1208 2674 r'n
1235 2610 1404 2686 confiniis

184 2701 393 2799 Huogariae
408 2722 446 2772 et
464 2700 663 2792 Bargose,
690 2699 861 2775 hostiliter
881 2719 1027 2794 capere,
1054 2697 1200 2790 spoliare
1225 2719 1265 2773 et
1280 2704 1404 2780 iucen.

184 2801 292 2890 dere,
325 2816 473 2895 quatuor
505 2795 656 2868 millibus
680 2797 929 2892 Huugarorum
961 2792 1092 2870 occisis.
1146 2794 1226 2893 Qua
1261 2799 1404 2879 licentia

184 2893 330 2991 insuper
353 2891 445 2964 ahusr
465 2889 596 2963 milites
617 2889 863 2985 spoliationes,
888 2888 1051 2964 incendia
1074 2908 1110 2959 et
1135 2893 1280 2982 caedes,
1320 2922 1405 2994 qna.

185 2989 393 3089 quaversurn
424 2985 726 3062 circumtulerunt.
776 2987 914 3084 Quibus
955 2984 1168 3060 facinoribus
1205 2996 1404 3073 exacerbati

184 3086 353 3184 Hungari
378 3104 416 3156 et
440 3083 604 3179 Buigari‚
634 3084 780 3178 ingente
801 3080 950 3155 correrio
971 3082 1151 3168 exercitu,
1185 3082 1222 3155 in
1255 3107 1317 3160 eos
1351 3096 1402 3163 ir·

183 3203 354 3270 ruerunt,
380 3180 504 3253 decern
530 3175 634 3250 miliia
662 3179 898 3267 trucidarunt,
922 3177 1074 3274 reliquos
1094 3176 1302 3272 spoliarunt,
1330 3187 1399 3262 dis·

182 3280 360 3376 siparum,
387 3297 425 3348 ut
453 3280 514 3349 vix
539 3296 618 3347 turn
645 3271 880 3368 superstitibus
903 3274 1053 3346 evaserit
1078 3272 1218 3365 Petrus,
1254 3278 1403 3380 seseque
1504 3342 1505 3347 ,

184 3399 266 3451 cum
295 3370 477 3462 Gualtetio
502 3371 722 3464 conjunxerit
746 3373 839 3444 haud
866 3371 999 3462 procul.
1024 3367 1138 3442 cpoli.

231 3471 263 3571 ς.
290 3467 506 3543 DCXLVH.
546 3465 616 3538 Sed
650 3468 805 3539 omnium
846 3465 988 3561 peffime
1019 3462 1175 3538 mulsiati
1212 3468 1294 3542 sunt
1333 3471 1405 3550 duo

185 3567 244 3643 alit
271 3567 467 3649 exercitus,
508 3560 665 3657 priorum
691 3561 853 3657 exempla
882 3582 920 3636 et
944 3558 1095 3656 vestigia
1117 3558 1247 3654 secuti,
1291 3567 1403 3644 Duci.

188 3687 251 3740 nus
273 3661 502 3755 Guesestitnr'ko,
528 3659 736 3752 Presbytero
761 3658 964 3747 Germano,
990 3661 1076 3754 qui,
1109 3655 1299 3738 Eremitam
1321 3665 1401 3737 imi.

185 3780 300 3848 tatus,
325 3754 522 3853 quindecim
542 3752 648 3827 miliia
663 3756 937 3827 Alemaunorum
961 3770 999 3826 et
1025 3751 1318 3851 Lotharingorum
1337 3759 1406 3839 suis

182 3855 417 3934 concionibus
444 3850 690 3940 excitaverat,
730 3869 765 3925 et
800 3847 941 3925 comite
973 3849 1147 3939 Emicune,
1191 3853 1246 3923 cui
1280 3851 1407 3947 ingens

180 3953 369 4029 hominum
393 3948 494 4045 copia
518 3968 560 4019 ex
586 3944 707 4020 iisdem
734 3947 837 4020 terris
872 3945 906 4020 se
943 3943 1187 4023 adsociavernt.
1246 3946 1406 4046 Priores,

180 4050 239 4150 q'ui
267 4048 357 4122 nihil
386 4041 637 4121 uoueriminis
661 4042 698 4118 in
723 4038 911 4136 Hungaria
934 4058 1180 4140 patraverant,
1221 4040 1267 4119 ad
1297 4045 1409 4121 inter·

175 4142 389 4224 ·‚T0m.V.
433 4186 439 4207 ι
565 4232 568 4237 Ι
765 4137 873 4214 Tttt
1318 4148 1419 4228 neci.

1333 4652 1337 4665 .
1412 4312 1458 4542 s
