3096 4462
405 167 923 314 '‘sttsstltliL'.
1258 207 1341 296 (σς
1486 187 1490 194 “

99 359 175 442 sese
190 361 352 448 nonna
365 361 560 463 inpetrant,
584 363 811 456 conveniffea
831 362 929 442 final
946 363 1126 462 lindam·
1143 365 1321 452 aaroni

98 459 180 536 lime
195 479 318 558 agatur
335 471 415 535 cum
440 460 498 540 illa
513 461 616 550 sede,
640 465 864 538 munitatem
879 465 971 544 illitu
988 465 1179 564 Proesolunt
1193 477 1333 567 anagnie

103 558 231 633 lauduno
251 559 434 651 praeconiis
463 558 658 658 efferendo,
697 577 738 632 ut
771 558 909 636 facilius
939 583 961 635 a
989 565 1083 636 cultu
1125 567 1327 664 imaginum

94 657 327 730 abducantur:
361 654 435 728 imo
462 663 498 728 le
523 654 669 728 credere
697 653 847 746 ¹dicunt,
879 659 1008 754 Papam
1039 679 1115 734 non
1145 663 1323 756 praesuta·

92 767 207 826 turum
233 751 324 823 olittd
347 749 502 826 mamre
524 753 568 825 ab
588 751 647 824 illa
662 747 763 844 seda,
798 774 895 844 quant
930 755 1095 828 autoritas
1127 773 1162 829 et
1193 765 1327 836 verim

84 845 268 944 sehabet:
304 847 499 920 vetitorum
525 843 661 920 scilicet
687 841 880 940 potestatem
909 849 1158 943 inperatorem,
1192 863 1316 934 autori·

90 959 189 1016 tarent
205 940 319 1042 sedis,
343 958 376 1014 tt
400 943 581 1040 testimonia
605 945 775 1016 enitatis:
800 943 955 1038 denique
971 945 1007 1016 se
1033 969 1103 1020 non
1128 949 1315 1043 dubitare,

89 1041 221 1134 dignam
245 1039 368 1110 innotis
390 1039 601 1110 reuerentiam
628 1041 704 1132 jure
733 1041 937 1146 tripuendom
963 1040 1036 1129 itit,
1076 1047 1131 1136 qui
1158 1051 1192 1118 in
1204 1045 1317 1144 sacta

82 1135 158 1233 sede
183 1137 277 1209 beati
300 1133 395 1206 Petri
419 1131 567 1223 reficient.
616 1135 897 1208 Pronuntiarunt
916 1132 1147 1210 nihilominus
1166 1139 1204 1215 in
1232 1167 1316 1220 cau·
1367 1179 1374 1189 ,

90 1233 124 1304 sa
145 1229 344 1327 imaginum
367 1251 493 1302 contra
516 1232 659 1301 decreta
683 1227 783 1302 istius
804 1227 896 1303 sedit
912 1229 1177 1328 Episcoporum.
1227 1237 1316 1314 Edi·

89 1331 138 1404 tiit
170 1349 261 1401 veto
291 1325 480 1398 Lothariua
511 1323 823 1412 constitutionem,
861 1325 961 1420 cujus
993 1328 1142 1402 memini
1170 1331 1209 1405 in
1236 1335 1314 1412 vita

88 1423 245 1518 Eugenii
272 1423 341 1509 11.,
365 1441 453 1515 quae
476 1419 642 1492 summam
667 1419 811 1515 quidem
824 1420 1046 1515 'inperatoria
1068 1423 1107 1496 in
1130 1427 1216 1500 urbe
1241 1451 1314 1526 po·

86 1520 251 1594 testatem
276 1515 432 1604 evincit,
473 1513 531 1588 sed
558 1516 670 1610 Papae
694 1513 919 1590 autoritatem
942 1518 1093 1629 eousque
1124 1523 1308 1610 extenditl.

87 1635 123 1688 ut
146 1614 437 1698 omnesomnes,
455 1609 545 1705 ficut
562 1611 629 1682 Dei
642 1615 828 1704 gratiamet
844 1613 1005 1702 nolirom,
1031 1615 1166 1712 inquit,
1191 1619 1312 1694 onom
1383 1703 1390 1710 ,

83 1709 286 1804 deflorant,
305 1710 484 1803 jubeantur
496 1703 662 1803 praeliare
678 1709 888 1782 obedientiam
906 1732 947 1784 oc
964 1715 1177 1786 reverentiam
1193 1717 1308 1790 Ponti·

77 1807 138 1902 fici
152 1811 187 1880 in
209 1808 365 1878 omnbus.
414 1806 599 1891 Ceterum,
626 1821 665 1876 ut
679 1801 716 1876 id
734 1802 852 1876 obiter
875 1804 1081 1896 observem,
1105 1809 1216 1904 Papae
1232 1811 1307 1890 hoc

81 1921 119 1982 et
141 1903 370 1996 sequentibus
386 1898 528 1987 seculis,
552 1897 658 2006 usque
681 1900 725 1971 ad
749 1899 1060 1993 Xlll.‚-peculiari
1080 1901 1123 1973 de
1145 1909 1307 2000 ratione,

81 1999 204 2074 uicorit‘
228 1997 321 2069 Petri
345 1991 422 2066 sunt
446 1993 630 2089 adpellata,
655 2011 693 2065 et
709 1991 835 2082 reliqui
852 1991 1016 2086 Episcopi
1034 1997 1154 2072 vicarii
1172 2001 1304 2096 coristi.

82 2093 165 2170 Vici.
197 2107 281 2164 nota
303 2089 487 2164 Mabillon.
519 2085 561 2160 ad
592 2089 702 2161 vitam
735 2085 924 2164 Adalhatdi
955 2087 1105 2162 'Abbatia
1136 2091 1179 2166 in'
1202 2097 1301 2172 Affit

83 2187 266 2264 Benedisl.
292 2185 359 2260 see.
385 2185 451 2257 lV.
478 2207 515 2280 p.
539 2184 568 2256 1.
593 2205 675 2280 pag.
700 2203 785 2278 341.
1285 2211 1290 2228 ·

126 2285 158 2384 ς.
187 2280 482 2358 CCCCXXXIV.
513 2277 605 2366 Sed,
648 2281 782 2373 qualem
819 2297 1047 2388 quantamque
1073 2279 1300 2360 autoritatem

1 2437 2 2440 ,
82 2383 248 2456 Romano
270 2374 436 2451 Pontifici
464 2390 670 2466 competere
693 2373 892 2447 censuerint
908 2373 1078 2448 Galhcani
1103 2375 1299 2472 Praesuleo,
1360 2441 1364 2446 .

80 2478 275 2553 luculenter
307 2495 353 2544 cx
386 2468 550 2566 Gregorii
583 2467 670 2543 IVti
697 2463 842 2542 historia
874 2467 1057 2559 elucescit,
1097 2471 1157 2566 qui
1180 2493 1300 2571 portet
1426 2555 1430 2566 ,

81 2574 234 2649 filiorum
257 2565 433 2640 Ludovici
458 2582 581 2638 contra
605 2564 742 2638 Patrem
766 2559 908 2656 scitari,
942 2581 980 2640 et
1003 2562 1178 2642 Ludovici
1198 2569 1298 2667 Epis·

79 2693 193 2840 illl?
216 2654 1102 2850 otilo?”innitentis‘tntilli‘
1117 2665 1297 2854 alimini

118 2787 214 2840 atu
1079 2812 1089 2831 .
1192 2816 1222 2852 .‚

79 2841 147 2956 quo
184 2857 273 2930 haec
303 2849 382 2925 sunt
408 2850 561 2925 decreta.
623 2871 654 2926 1.
685 2851 897 2932 Romanum.
920 2848 1136 2948 Episcopum
1169 2857 1298 2954 Papam

71 2957 239 3051 fratrem,
271 2971 343 3023 non
372 2968 460 3021 vero
485 2945 639 3032 Patron,
672 2965 786 3044 neque
807 2943 971 3040 summum
1005 2935 1213 3043 Pontificem,
1237 2955 1282 3032 ad

80 3046 274 3149 pellandum
297 3041 379 3119 eise.
429 3063 461 3116 a.
485 3039 691 3138 inperialem
713 3041 923 3138 potestatem
949 3041 1028 3140 plut
1052 3043 1147 3137 poffe
1171 3045 1209 3122 in
1235 3051 1297 3138 aa,

82 3141 304 3230 ministranda
332 3136 505 3226 Ecclelia,
546 3159 647 3231 quam
673 3135 910 3216 Pontificiam.
957 3161 992 3234 3.
1018 3137 1206 3217 Caesarem·
1221 3167 1298 3230 non

84 3243 150 3328 eise
176 3231 431 3340 praesumtuoso
447 3227 817 3308 excommunicatione
840 3233 1139 3310 dehonorandutn.
1187 3263 1223 3330 4.
1242 3245 1295 3324 U.

83 3361 165 3412 num
190 3330 286 3432 posse
311 3329 415 3426 abjici
432 3329 582 3425 aliquem
602 3323 813 3401 Pontificem
837 3324 1048 3424 sineinjuria
1072 3331 1294 3430 sedioApof·
1336 3419 1338 3426 .
1427 3413 1430 3418 ,

85 3435 221 3508 tolicae.
271 3452 304 3518 5.
330 3424 525 3523 Episcopus
554 3423 590 3498 in
618 3419 717 3496 causa
743 3421 827 3498 fidei
858 3423 1097 3521 juajmandum
1125 3431 1298 3524 praestare

84 3527 203 3603 solitos
228 3524 298 3600 eise
333 3520 538 3618 inperatori.
587 3539 621 3610 5.
645 3517 894 3616 sigobardum,
936 3519 1121 3597 Primatern
1146 3525 1298 3619 Aquita.

86 3625 185 3710 niae,
210 3621 337 3696 nullam
352 3617 518 3712 deinceps
533 3613 735 3694 habiturum
761 3613 971 3714 potestatem
992 3615 1033 3697 in
1058 3621 1302 3698 ettcottnnuni·¹

131 3719 221 3796 Toto.
246 3716 289 3792 V.
681 3710 789 3792 Noa
971 3773 980 3792 .
1172 3715 1302 3820 cando
1417 3797 1420 3804 λ
