3104 4814
667 108 774 207 Serui]
804 121 849 206 X.
890 176 892 183 ·
947 117 951 125 ¹
1322 135 1399 221 5725

161 291 357 388 vam-mele
379 312 483 387 novis
497 309 612 408 festis.
647 315 887 405 Praeterquam
915 309 1007 405 quoi
1026 305 1147 381 sannis
1173 308 1382 405 rnnltip'isa·

158 411 231 499 tin,
244 424 287 483 rit
301 410 340 485 sn
364 428 410 483 n·
420 413 563 499 monui,
580 406 927 487 festomntnumerua
943 406 1331 505 creverit,·inlittntnm
1344 408 1402 481 ab·

157 502 324 583 Offilo'ne
347 583 353 593 ,
405 502 567 581 niaeense
587 516 745 577 narmnn
759 490 893 576 renum
915 504 1067 581 :nnninn
1085 492 1403 595 -oninir'retn,..cn‚t

154 600 237 701 jein,
256 604 412 701 'praeter
431 600 671 701 consuetudines
695 602 848 693 antiquar
884 596 1115 695 Clunincenser
1129 599 1153 673 l.
1176 598 1207 673 i:
1237 622 1270 675 c.
1303 620 1389 693 μ..

161 694 341 785 mimir
358 696 563 797 Si'gebertnn'
592 696 633 771 in
662 698 796 771 Cbron
824 692 869 765 ad
907 706 948 767 a·
963 704 1083 783 §libii-
1103 694 1172 789 qui·
1188 698 1277 770 nme
1314 696 1391 793 ejrte

160 792 271 867 tradit
290 793 474 889 originem.
507 792 705 867 Monachus
718 789 879 889 quidam,
906 788 1151 885 Hierosolyma
1176 793 1325 866 veniens
1348 793 1401 879 irr¹

159 888 345 980 Siciliam,
375 913 395 963 a
418 891 550 963 recluso
574 888 687 986 aliquo
717 884 873 968 audivit,
901 883 983 962 loca
1007 884 1057 958 ibi
1092 882 1162 956 elie
1195 888 1392 965 eructantia

124 1044 128 1051 .
161 982 384 1060 flammarum
408 982 592 1074 incendia,
625 1009 712 1081 quae
727 986 811 1056 ollae
829 981 970 1055 Vulcani
993 981 1230 1076 adpellanrur,
1256 986 1291 1057 in
1315 986 1403 1080 qui-r

161 1086 227 1159 bus
253 1080 389 1155 animae
411 1079 658 1154 defuneiorum
684 1104 704 1153 a
729 1078 971 1152 Daemonibtts
1001 1078 1275 1173 adiligcbantur:
1307 1086 1388 1154 dae·

161 1198 312 1255 monum
334 1196 450 1251 autent
483 1180 651 1251 clrntorer
678 1176 780 1270 saepe
810 1171 880 1246 esse
914 1173 1070 1263 auditos,
1088 1172 1231 1270 ,quibus
1265 1198 1388 1272 quere·

164 1276 317 1363 hatur,
350 1274 482 1346 animas
503 1272 566 1347 fibi
590 1268 679 1367 eripi
705 1292 770 1368 per
793 1268 1028 1366 eleemosynas
1050 1288 1087 1343 er
1122 1292 1244 1364 precer
1276 1272 1387 1346 fideli·

162 1368 317 1463 t'rm,'in
339 1367 465 1465 primit
501 1365 768 1457 cluniacenfiam.
820 1364 904 1465 Quo
938 1365 1058 1439 audito
1084 1366 1193 1441 Odilo
1219 1366 1400 1444 instituis·-

162 1464 217 1541 stt
248 1462 376 1539 festum
409 1470 546 1539 onmium
585 1464 815 1559 tlefnnnnntn.
880 1458 1126 1537 Tornearnenta·
1144 1460 1284 1562 quidem
1317 1466 1389 1541 hoc

162 1562 231 1639 sec.
266 1560 440 1634 exhibuit
479 1560 717 1659 Magdeburgi
757 1556 939 1632 Henricus
972 1557 1133 1656 Auceps,
1173 1562 1211 1633 in
1249 1563 1388 1653 laudem

158 1680 201 1735 et
223 1658 334 1733 decus
358 1657 566 1745 nobilitatis,
600 1678 667 1730 nec
691 1676 809 1729 tamen
842 1652 996 1750 primns,
1030 1675 1069 1729 ut
1094 1676 1266 1753 putator,
1291 1658 1408 1742 insti-e

163 1754 258 1844 tuit,
282 1774 363 1827 cum
382 1775 401 1826 a
417 1753 578 1840 Francis,
606 1752 760 1838 Gothis,
780 1766 817 1823 et
842 1750 881 1823 in
896 1749 969 1846 ipsa
988 1748 1198 1840 Germania,
1233 1757 1398 1851 ejusne·-

157 1852 200 1927 ni
225 1848 300 1927 ludi
320 1850 392 1945 jam
418 1866 519 1923 antea
541 1847 673 1922 suerint
695 1845 874 1920 celebrati.
922 1848 1111 1934 Ceterum,
1144 1867 1183 1923 ut
1210 1849 1245 1922 id
1270 1858 1396 1928 obiter

162 1946 367 2031 observem,
399 1968 473 2018 vox
500 1943 550 2015 est
575 1966 594 2017 a
619 1946 778 2040 tyrocinio
803 1957 901 2013 orta:
944 1956 1016 2035 tyro
1039 1960 1155 2014 autent
1181 1945 1283 2019 milen
1313 1948 1389 2041 est,

158 2042 258 2119 unde
271 2044 462 2139 tyrocinium
480 2041 647 2115 German.
672 2054 824 2133 tyroney,
851 2054 888 2108 et
902 2032 1042 2109 Gallice
1057 2045 1219 2127 rottrnolr,
1245 2061 1281 2114 et
1299 2041 1388 2118 inde

108 2140 117 2147 '
162 2142 429 2216 tnrninrnentum.
468 2136 703 2232 'l'ymcinium
721 2136 771 2209 ait
796 2134 884 2205 Otto
901 2130 1045 2229 Frifing.
1070 2138 1152 2229 quod
1175 2138 1271 2231 vulga
1302 2160 1389 2213 nnnc

162 2240 420 2311 lnrniamenrunt
456 2235 586 2306 dicitnr.
637 2231 707 2305 sed
748 2225 918 2326 ejusmodi
959 2229 1047 2302 ritus
1086 2254 1158 2305 non
1197 2231 1277 2306 sunt
1316 2231 1389 2311 fori

162 2332 289 2409 nostri.
316 2332 402 2405 Vid.
422 2328 576 2403 Wolfius
594 2328 692 2404 nen.
712 2323 908 2400 Memorab.
935 2345 1071 2399 centur.
1091 2327 1132 2401 ad
1148 2350 1179 2401 a.
1198 2351 1301 2419 92¹·‚
1325 2332 1388 2409 ubi

161 2450 201 2505 ee
234 2428 333 2523 leget
371 2443 540 2508 enarrat,
580 2446 621 2498 ac
657 2425 797 2497 annales
827 2421 953 2502 horum
994 2423 1164 2498 ludorum.
1214 2425 1390 2505 'Conferri

162 2526 277 2602 etiarn
307 2542 461 2596 meretur
486 2521 706 2593 liumbertus
727 2520 991 2591 Praellcanmm
1018 2518 1201 2594 Generalis
1226 2523 1393 2619 magister-

161 2624 236 2700 fec.
262 2620 360 2692 xlll.
386 2618 430 2691 de
456 2622 543 2688 molo
563 2636 686 2712 promte
712 2617 844 2689 cudendi
859 2611 1027 2705 sermones
1051 2633 1121 2688 etc.
1147 2620 1169 2707 l,
1197 2619 1242 2692 11.
1268 2642 1300 2694 c.
1327 2628 1391 2712 85,

163 2722 206 2797 in
231 2715 318 2789 Bibl.
344 2716 400 2789 M.
426 2716 565 2786 Parrum
596 2732 680 2786 tom.
706 2696 824 2787 XXV.
851 2708 908 2806 qui
935 2706 1146 2809 quid'mali,
1173 2715 1304 2811 quidve
1326 2722 1391 2795 bo·

163 2818 226 2907 ni,
253 2812 296 2886 iis
319 2809 421 2904 instt,
448 2808 606 2906 exponit.
706 2886 711 2895 ,
997 2834 999 2838 ’

655 3002 905 3083 REGIMEN.

162 3227 184 3255 ··
213 3194 250 3299 ς.
274 3194 489 3275 ccccxcl.
523 3200 712 3275 aenentnn
744 3196 833 3288 IV.,
875 3218 897 3272 n
934 3190 1070 3293 pietate
1108 3217 1146 3273 et
1186 3198 1393 3285 liberalitate

160 3316 253 3397 erga
276 3318 436 3407 egenos,
478 3295 566 3369 teste
605 3294 809 3369 Frodoardo
849 3294 900 3407 ¹de
931 3295 1161 3372 Pontificibut
1196 3302 1393 3396 Romanis,

161 3392 368 3502 huoabrlta,
398 3391 573 3503 celebrem
607 3391 678 3466 sese
703 3392 875 3489 praestitit
899 3412 962 3485 per
991 3393 1255 3473 coronationem
1278 3400 1394 3473 Ludo·

163 3488 242 3564 vict
266 3488 333 3561 111.
359 3486 601 3599 Burgupdrae,
624 3490 686 3565 seu
712 3488 941 3580 Arelatensis,
967 3496 1082 3585 regis,
1117 3515 1219 3585 quern
1244 3492 1397 3586 lnperia·

160 3584 348 3685 iicocona
380 3586 573 3665 bonoravit
604 3608 637 3664 a.
666 3580 775 3757 poopy'.
806 3604 845 3661 ut
875 3598 921 3660 en
952 3585 1151 3681 diplomate
1179 3588 1409 3769 inperatoripl

779 3702 883 3776 vvs
1307 3705 1378 3783 apo

1126 4058 1183 4073 .„
1389 3774 1505 4101 ..l
