3104 4814
388 470 405 485 Ν

674 654 779 735 Secti.
803 652 889 733 Vll.
1327 684 1397 741 rrs

166 825 286 903 {enum
318 830 411 931 apud
444 830 579 908 Moine
607 832 632 907 l.
657 832 721 907 eit.
746 834 944 925 adfirmare,
985 833 1023 910 se
1055 854 1186 909 nomen
1215 836 1397 913 creatoris

163 944 238 997 non
263 922 441 1004 inveniffe
470 932 508 1004 in
534 929 724 1003 Alcoran0.
772 933 864 1021 Sed,
899 950 1027 1004 terrain
1052 954 1116 1027 per
1139 934 1298 1027 Angelos
1322 932 1394 1009 effe

160 1016 377 1132 produstam
407 1048 455 1099 ex
482 1024 602 1100 medio
617 1048 804 1123 aquarum,
832 1023 1045 1101 existimant.
1093 1029 1251 1101 Credunt
1265 1049 1393 1125 porro,

161 1134 391 1225 aenuonem
424 1120 485 1196 sex
515 1121 639 1195 diebus
669 1120 739 1195 elle
768 1122 961 1217 persuasu,
1005 1121 1063 1195 sed
1096 1140 1225 1195 terram
1259 1126 1394 1200 duabus

160 1211 310 1323 primis,
353 1215 481 1292 deinde
504 1215 727 1314 sequentibus
750 1218 879 1292 duabus
901 1238 991 1315 quac
1016 1218 1058 1292 ad
1085 1218 1220 1292 villum
1248 1238 1286 1291 et
1309 1218 1406 1325 ala,-

159 1312 375 1387 hotnrnibus
399 1333 437 1386 et
462 1312 580 1387 bestiis
607 1310 807 1402 neceliuria,
848 1313 1131 1409 requirebantur,
1165 1312 1292 1389 ultimis
1318 1314 1393 1389 die·

160 1404 228 1477 bus
252 1408 400 1499 coelos,
425 1426 461 1481 et
477 1407 680 1482 hominem:
706 1407 754 1482 ita
770 1414 845 1483 Sur.
872 1410 966 1482 xli.
1019 1408 1225 1520 Communis
1248 1408 1392 1520 quidem

158 1496 236 1606 fest
313 1503 412 1593 inin,
444 1506 564 1577 ileum
596 1505 655 1576 die
680 1504 760 1578 solis
783 1502 924 1577 initium
951 1503 1072 1577 feciss'e
1099 1523 1305 1599 creatione,
1330 1504 1392 1589 secl

158 1590 224 1667 dre
295 1598 412 1672 eneris
436 1598 589 1673 nonnulli
613 1600 765 1689 malunt,
803 1621 842 1672 ut
870 1597 982 1671 refert
1013 1598 1167 1671 Chardrn
1194 1598 1215 1672 l.
1238 1599 1298 1672 cit.
1347 1600 1391 1673 ll·

159 1688 223 1767 lud
250 1714 328 1767 non
352 1692 405 1766 est
429 1693 564 1768 silentio
589 1695 864 1782 involvendum,
905 1695 1060 1788 quinque
1095 1714 1152 1765 res
1181 1712 1265 1766 ante
1288 1712 1391 1771 mun·

162 1782 250 1863 dum
276 1810 325 1863 ex
354 1791 525 1886 opinione
548 1791 812 1881 Mubatnmedis
847 1788 949 1862 fuill'e
984 1789 1054 1860 lroc
1085 1786 1210 1861 ordine
1235 1806 1390 1879 creatas,

160 1882 340 1975 sustam,
364 1890 548 1974 calumum,
572 1910 694 1982 aquas,
719 1888 863 1959 thronum
888 1885 976 1973 Dei,
1000 1898 1033 1956 st
1051 1880 1169 1978 solum.
1218 1882 1392 1963 Continet

157 1998 255 2053 veto
289 1984 428 2071 sabula,
468 1982 566 2077 cujus
604 1980 799 2056 custoditae
830 1980 967 2056 mentio
1004 1976 1056 2052 est
1087 1978 1165 2053 Sur.
1197 1978 1388 2053 lxxxvi

157 2094 225 2149 22.
249 2078 377 2151 omnia
400 2075 518 2151 futura
547 2093 584 2149 et
612 2078 820 2173 praeterita,
853 2082 979 2153 calamo
1002 2074 1260 2164 inscribuntur,
1285 2090 1391 2169 aquas

155 2166 308 2247 stabant
330 2173 513 2264 inmotae,
546 2174 679 2247 siranus
714 2172 786 2247 Dei
813 2174 946 2249 volavit
971 2172 1072 2267 supra
1097 2190 1219 2267 aquas,
1249 2170 1391 2269 quando

157 2286 310 2344 creatus
333 2266 386 2344 est
406 2286 557 2357 ventus,
578 2272 637 2344 vel
663 2267 830 2363 Spiritus,
854 2266 914 2367 qui
941 2288 1047 2363 aquas
1073 2284 1247 2342 moveret.
1298 2264 1390 2343 Viti.

158 2360 338 2441 Keiiaeus
362 2366 399 2438 in
423 2360 567 2439 historia
588 2364 624 2438 S.
648 2364 733 2438 Mll.
759 2364 850 2462 apud
883 2363 1090 2438 Relandum.
1141 2359 1243 2458 Qune
1272 2360 1392 2439 omnis

156 2496 186 2547 a
201 2462 351 2567 ludaeis
368 2463 445 2535 sunt
465 2459 664 2535 transumta.
690 2460 768 2547 Sic,
795 2480 840 2533 ex
853 2483 906 2557 gr.
924 2457 967 2534 sd
984 2460 1077 2533 Gen.
1099 2457 1152 2545 1.‚
1170 2457 1230 2529 ubi
1245 2459 1391 2555 Spiritus

158 2568 303 2663 legitur
325 2556 419 2653 ferri
444 2555 545 2654 super
578 2578 699 2652 aquas,
738 2555 870 2630 Rasclri
903 2556 1032 2643 habet,
1078 2552 1227 2627 thronus
1256 2551 1392 2648 gloriae

155 2664 278 2741 abbat
301 2653 338 2727 in
356 2660 454 2742 nise,
493 2670 530 2726 et
553 2651 726 2725 ferebatur
752 2652 856 2749 super
887 2650 1015 2727 faciem
1043 2670 1206 2744 aquarum
1231 2671 1294 2744 per
1320 2645 1390 2761 spi·

156 2762 275 2835 ritum
304 2749 378 2826 oris
399 2748 484 2824 Dei.
536 2750 596 2823 Sic
624 2766 663 2821 et
694 2748 819 2843 Judaei
845 2744 958 2822 stilum
988 2764 1025 2819 et
1051 2744 1181 2818 tabulas
1207 2742 1390 2841 Sapphrri·

157 2876 220 2931 cas
245 2864 391 2927 creares
412 2846 535 2919 dicunt
557 2868 578 2917 a
601 2845 704 2932 Deo,
737 2843 926 2938 allegorice
951 2842 1186 2935 intelligentes
1209 2838 1390 2916 decretum

157 2948 258 3039 θεὴ
284 2962 378 3039 quae
400 2941 495 3015 forte
519 2940 785 3015 Muhernrnedis
807 2960 947 3037 quoquc
970 2958 1068 3009 mens
1090 2934 1167 3009 fuit.

210 3046 245 3151 ς
272 3038 377 3115 clll.
408 3036 536 3136 Angeli
571 3054 610 3110 et
634 3032 797 3109 homines
819 3056 901 3110 curn
928 3032 996 3108 sint
1021 3029 1291 3117 excellentiores
1312 3036 1390 3107 cr'e·

158 3158 313 3227 amat,
337 3132 384 3207 de
406 3132 473 3207 illis
497 3131 665 3229 quaedam
685 3130 763 3206 sunt
785 3131 954 3221 dicenda,
973 3126 1158 3204 secundum
1177 3128 1393 3205 fidem-Mus

157 3230 492 3321 mmedanorurn.
540 3228 683 3322 Angelos
704 3228 853 3302 credunt
878 3226 953 3301 duri
978 3228 1090 3298 bonos
1111 3240 1149 3297 et
1172 3224 1298 3315 malos,
1324 3226 1391 3301 Bo·
1425 3280 1429 3286 -

156 3359 217 3413 nes
244 3330 444 3428 opinantur
465 3347 613 3495 ctgpora
639 3324 768 3396 habere
793 3323 949 3413 subtilia,
983 3317 1114 3408 saneta,
1147 3323 1273 3429 eluce-
1292 3342 1391 3399 crea·

158 3452 225 3517 ⁸¹,
249 3446 325 3503 nee
348 3440 467 3497 tamen
538 3440 620 3510 ere,
646 3418 859 3511 autbibere,
897 3438 958 3493 aut
989 3416 1073 3491 sexu
1099 3412 1170 3488 elle
1197 3414 1389 3494 distrnilos.

160 3525 277 3605 Dicit
299 3518 446 3620 quidem
470 3515 682 3615 Euthymios
707 3514 898 3610 Zigaben.,
932 3511 1223 3588 lllulrarnmedenr
1246 3512 1395 3613 angelos¹

159 3616 318 3701 &sune
347 3612 541 3704 foeminas,
581 3611 641 3686 sed
671 3630 796 3685 contra
828 3608 992 3685 disertum
1023 3607 1098 3704 ejus
1131 3607 1277 3684 effetum
1310 3608 1389 3689 Sur.

161 3712 366 3797 xxxvii:
394 3732 476 3802 150.
527 3711 709 3785 Removet
732 3728 870 3804 quoque
894 3708 938 3781 ab
960 3704 1026 3779 illis
1050 3704 1196 3778 conitor
1212 3703 1392 3802 adpetitus

160 3812 348 3899 omnim
388 3806 449 3882 sed
478 3804 686 3880 differentes
716 3801 760 3876 iis
796 3799 919 3876 tribuit
959 3799 1108 3889 formas,
1146 3798 1236 3875 adeo
1272 3819 1311 3874 ut
1334 3802 1391 3878 alil

161 3914 279 4003 teu,
319 3902 382 3981 alil
414 3902 582 3993 sedeant,
620 3899 678 3975 alii
711 3919 865 3997 corpore
905 3894 973 3972 srnt
1004 3896 1165 3973 deorsum
1207 3895 1388 3971 inclinato.

160 4000 345 4087 niffinets
365 4018 548 4098 praeterea
572 3999 706 4073 obeunt
729 3996 868 4087 munia,
891 3993 974 4069 dum
998 3992 1057 4068 alii
1082 3991 1223 4067 laudent
1247 3993 1389 4080 Deum,

164 4108 218 4185 dii
239 4100 408 4185 venius
424 4112 651 4195 peccatorum
682 4091 884 4265 hoginibus
912 4090 1059 4187 dandam
1090 4083 1391 4256 inplorentrbalii

357 4216 361 4245 ε
791 4208 838 4283 4Ι
1253 4197 1301 4253 cll
1329 4203 1392 4272 ang
