3104 4814
38 607 42 614 ·
140 573 210 654 ’ὅθ
539 569 841 675 ffifiorid'Ethrs.
863 571 983 675 Christ.

157 769 259 831 rates·
273 745 414 826 Christo
440 746 708 863 messines-ert
724 744 881 829 anisum
902 771 946 828 sc
965 746 1391 852 eorpnmetestiatibsr‘

157 846 332 951 potentiis
357 843 498 942 privum
531 816 744 940 fiuxrde,.a
775 847 944 948 probabili
973 849 1079 947 longe
1110 849 1387 947 mihividetur.¹

156 945 328 1033 alienum,
368 965 470 1032 cum,
496 947 588 1038 quod
612 969 733 1021 veram
754 945 905 1021 mimam
930 945 1156 1035 rationalem,
1188 964 1225 1019 et
1247 968 1400 1033 uerum,

157 1039 429 1135 eorpusaeivum
451 1061 500 1111 ac·
518 1043 738 1135 organicum,
763 1043 800 1115 in
826 1041 979 1129 Christo,
1004 1060 1044 1115 ut
1061 1040 1393 1117 omues-consentis·

157 1155 242 1222 unt,
283 1132 512 1231 agnoverint,
555 1161 701 1232 quacum
735 1135 906 1234 opinione
936 1136 1166 1211 nullomodo
1197 1137 1377 1229 consistit,

158 1231 264 1310 nullas
288 1227 428 1307 Christo
451 1228 585 1305 homini
607 1234 750 1308 adfuisse
775 1232 956 1308 facultates
984 1235 1177 1322 naturales,
1212 1232 1274 1308 nili
1297 1237 1390 1330 quis:

157 1325 354 1404 haereticos
385 1324 521 1401 insanos
551 1325 651 1403 fuisse
682 1327 791 1419 velit,
833 1329 925 1427 quod
957 1328 1062 1427 louge
1087 1353 1108 1403 a
1132 1352 1219 1404 vero
1247 1327 1344 1406 abest
1359 1364 1390 1423 ,-

158 1444 257 1514 tum,
275 1420 371 1521 quod
388 1419 545 1496 divinam
572 1425 788 1501 voluntatem
815 1443 853 1498 et
871 1424 1115 1522 operationem
1133 1446 1205 1501 nou
1219 1448 1286 1522 pro
1299 1431 1391 1501 arri·-

160 1544 224 1609 ια,
241 1515 484 1612 'sedsaprem'a
509 1536 664 1614 tautum,
690 1521 895 1612 habuerint,
928 1542 1038 1617 eaque
1060 1518 1199 1595 ratione
1221 1519 1388 1598 dixerint·

159 1639 256 1693 uram
289 1615 519 1691 voluntatem.
576 1619 683 1722 Quod
714 1617 753 1695 in
784 1616 889 1693 tertia
921 1615 1121 1714 quaestione
1148 1615 1393 1703 demonstrare,

159 1712 301 1790 uberius
330 1710 519 1804 adgredior.
1373 1771 1376 1777 .

176 1807 239 1907 fis.
262 1807 400 1883 LVlll.
433 1805 737 1907 Quaeritur-enim
765 1827 799 1902 3.
824 1829 894 1905 quo
915 1806 1013 1883 sensu
1030 1812 1133 1884 uuam
1158 1809 1378 1897 voluntatem

81 1910 82 1915 ’
161 1927 204 1984 ac
229 1900 470 2003 operationem
496 1901 633 1979 Christo
659 1900 766 1977 adfcti
795 1903 917 1996 serint,
942 1927 1025 1980 num
1047 1905 1176 1986 deradit
1196 1903 1376 2002 efftotialia

165 2020 237 2093 ter,
254 2012 298 2073 an
315 1999 498 2079 dnosaruds
511 1997 743 2096 personaliter?
761 1928 853 2092 due,
878 2019 917 2073 ut
933 2000 1056 2076 clarius
1069 2024 1267 2101 exponam,
1285 2024 1385 2078 num·

165 2119 234 2175 uua
259 2117 404 2168 numero
431 2095 468 2169 in
494 2094 654 2187 Christo,
677 2095 759 2170 Deo
782 2114 820 2170 et
842 2094 1007 2189 homine,
1032 2096 1293 2174 tautumfuerit
1309 2120 1385 2174 vo·:

165 2188 261 2268 leudi
286 2209 325 2265 et
350 2189 519 2288 operandi
548 2190 695 2267 facultas
724 2211 765 2266 ac
795 2192 975 2287 potentia,
1016 2213 1059 2266 an
1092 2195 1208 2291 plures
1232 2192 1385 2290 quidem·

100 2333 107 2350 ι
165 2307 324 2395 numero.
339 2286 540 2383 potentiae,
565 2286 707 2361 seduna
728 2286 886 2384 suprema
905 2307 943 2361 et
966 2287 1196 2381 moderatrix,
1220 2287 1377 2400 reliquae

165 2381 402 2460 subordinatae
418 2402 453 2456 et
476 2381 770 2472 instrumentales,
795 2383 951 2480 adeoque
976 2406 1043 2458 una
1065 2403 1200 2460 tantum
1216 2407 1378 2460 omnium

165 2478 369 2555 facultatum
393 2477 486 2553 adlio
510 2497 549 2552 et
569 2477 708 2554 motio?
741 2480 941 2553 Communis
968 2478 1040 2553 fert
1061 2478 1253 2572 sententia,
1289 2483 1380 2557 Mo·

165 2572 356 2652 nothelitas
380 2592 502 2648 omnes
524 2575 677 2648 absolute
702 2573 867 2648 ademisse
881 2574 1063 2653 facultates
1087 2576 1256 2651 naturales
1276 2596 1378 2653 natu·

167 2693 228 2748 sae
252 2668 382 2745 Christi
406 2669 597 2759 humanae,
637 2689 707 2746 tam
733 2671 867 2755 animae
891 2692 992 2768 quam
1014 2673 1171 2768 corporis
1195 2672 1380 2768 respeetu,

166 2767 326 2864 adeoque
352 2791 429 2843 eam
451 2764 675 2843 considerasse
697 2788 857 2864 tanquam
882 2765 1169 2858 instrumentum,
1194 2766 1290 2843 omui
1303 2791 1382 2853 mm,

166 2864 298 2952 vendi,
324 2861 517 2955 sentiendi,
543 2872 583 2937 et
608 2863 735 2963 agendi
753 2862 932 2960 principio
948 2864 1069 2939 orbum
1087 2861 1254 2963 proprio,
1278 2865 1384 2960 plane
1407 2874 1412 2885 '

166 2957 235 3036 aeft
260 2956 346 3031 elset
369 2958 504 3046 anima,
536 2977 674 3047 mente,
699 2978 737 3032 et
767 2959 842 3034 vita
867 2959 1014 3050 cassum,
1046 2960 1139 3057 quod
1154 2982 1221 3033 una
1246 2978 1285 3032 et
1311 2960 1383 3035 sola

168 3052 333 3154 potentia
355 3051 475 3128 divina
500 3053 680 3129 animasset
702 3070 741 3126 et
770 3053 904 3148 egisset.
952 3053 1066 3152 Quam
1097 3053 1305 3152 opinionem
1335 3055 1383 3132 iis

166 3147 507 3226 vindicareconatus
523 3147 574 3223 est
598 3148 764 3224 Petavius'
794 3167 919 3221 contra
948 3150 1208 3246 Vafquezium3
1241 3149 1300 3225 cui
1322 3152 1385 3226 ad·

170 3244 307 3323 sensum
327 3267 401 3320 non
418 3245 653 3343 praebuerim.
704 3241 883 3319 Videntur
899 3244 989 3322 milri
1004 3245 1266 3321 Monothelitae
1280 3268 1386 3324 unam

168 3341 388 3418 voluntatem
419 3361 458 3416 et
489 3339 733 3440 operationem
773 3339 990 3434 defendisse,
1014 3341 1133 3440 fulvis
1163 3340 1386 3421 facultatibus

165 3437 396 3528 naturalibus,
436 3455 474 3512 et
505 3437 710 3518 intellexisse
745 3435 875 3532 partim
900 3436 946 3510 de
978 3435 1114 3512 unitate
1139 3436 1385 3537 hypostasios,

169 3533 232 3614 feu
254 3531 505 3634 personalitatis
526 3534 650 3625 unius,
682 3557 702 3607 a
726 3556 793 3632 qua
815 3533 1094 3610 denominandae
1121 3531 1199 3608 funt
1222 3536 1389 3614 volunta·

170 3650 286 3709 teret
307 3627 551 3746 operationes,
584 3630 710 3744 partim
741 3631 786 3705 de
813 3631 950 3707 unitate
974 3629 1094 3706 causae
1119 3629 1322 3729 principalis
1346 3651 1387 3708 et

169 3728 389 3829 disesiriets,
427 3748 531 3825 quarn
559 3727 715 3804 divinam
747 3727 914 3803 dixerunt
942 3727 1012 3803 else
1043 3729 1286 3816 voluntatem,
1323 3728 1385 3806 cui

161 3826 388 3918 strenuis-non
412 3841 550 3900 tanturn
572 3824 750 3916 aulones,
793 3821 852 3897 fed
878 3842 917 3897 et
945 3825 1107 3922 corporis
1135 3824 1387 3920 operationes,
1438 3842 1442 3852 '

163 3920 362 4018 statuerunt
384 3918 455 3997 elie
476 3917 665 4018 suhjedlas,
690 3941 762 3997 tam
779 3938 948 3996 naturaes
965 3940 1003 3996 et
1027 3917 1252 4012 necessarias,
1277 3946 1386 4019 quant

161 4016 390 4115 munuera,
433 4015 684 4101 Adhaeseruut
707 4016 805 4127 euim
831 4013 1127 4116 opimiorem,
1148 4035 1189 4099 ut
1204 4042 1250 4102 ex
1266 4018 1391 4193 Tago:

153 4134 188 4205 l.
211 4141 248 4207 sl
778 4165 799 4188 ι
1174 4166 1181 4180 ·
1213 4170 1216 4175 -
1353 4140 1387 4200 n
