3104 4454
457 259 460 269 ’
568 251 675 334 Se'crtl.
701 247 812 332 VIII.
1014 323 1031 332 -
1233 275 1301 366 183

91 418 156 499 lire
170 425 213 505 ab
235 425 413 509 Anastasio
429 429 640 530 successore,
663 451 703 510 at
718 434 827 512 babet
843 430 1012 533 Agatho,
1035 431 1107 530 live
1131 461 1152 514 a
1173 439 1295 517 Theo

88 517 194 618 dofio,
216 525 380 605 anastasi
403 525 614 622 successore,
646 549 686 608 ut
715 528 822 608 tradit
848 532 886 608 P.
912 530 1093 608 Diacounr
1115 537 1160 612 de
1188 539 1298 639 gellia

86 615 240 719 longob.
265 626 287 700 i.
312 625 380 701 Vl.
404 649 437 703 c.
466 635 524 724 36.
572 627 679 705 Nihil
710 628 829 726 itaque
852 627 897 702 ad
927 625 999 704 boc
1024 628 1131 730 usqne
1155 653 1296 735 tempor

84 732 193 794 tonna
215 718 389 819 lmagiuet
410 722 547 818 atium,
587 724 672 801 nihil
716 747 759 799 ro
782 723 827 798 iia
847 723 1051 816 decretum,
1078 725 1149 806 eli:
1186 753 1293 830 quan·

85 825 150 888 turn
171 815 317 896 constat.
365 819 498 897 Narrat
523 820 663 919 quidem
744 842 846 911 aeus,
881 837 991 896 etex
1017 845 1064 898 eo
1086 825 1167 918 alii,
1207 829 1294 904 ima·

85 907 194 1004 gruum
217 915 351 992 cultum
373 914 470 992 iuter
495 919 788 1018 dogio-Saxones
820 914 890 992 else
916 939 979 1013 per
1003 919 1211 1018 nginum,
1244 925 1293 1002 E.

82 1003 250 1106 piscopnm
276 1011 586 1108 wigorniensem,
610 1013 866 1103 introductum,
892 1013 1038 1112 Synodo
1054 1017 1178 1096 habita
1193 1023 1289 1098 Lon·

82 1099 235 1198 dinense3
262 1106 321 1182 sed
345 1108 434 1184 nibil
459 1109 505 1185 de
530 1133 577 1186 eo
598 1112 729 1186 babent
745 1111 919 1197 Annales,
945 1110 1034 1185 nihil
1057 1135 1196 1212 qnoque
1214 1117 1290 1198 vita

83 1195 230 1296 iigwini,
255 1205 302 1278 ab
322 1223 501 1302 anonymo
516 1209 583 1285 sec.
607 1208 674 1283 XI.
697 1203 919 1302 conscripta:
943 1229 1049 1302 quare
1068 1211 1196 1288 nuliam
1212 1237 1288 1292 me·

83 1313 165 1370 retur
187 1299 311 1378 fidem.
359 1293 446 1380 Vid.
468 1305 554 1404 Pagi
578 1305 621 1381 ad
644 1307 773 1380 Baton.
796 1323 828 1378 a.
852 1321 936 1396 714.

124 1391 318 1492 chxx.
342 1397 497 1492 Primus,
521 1399 581 1498 qui
601 1397 819 1500 imaginibur
841 1396 969 1505 beilum
992 1395 1141 1492 indixit,
1169 1423 1208 1479 et
1222 1407 1288 1482 Ca·

82 1484 207 1568 rhoicir
231 1493 275 1570 in
297 1493 389 1569 aliud
406 1514 606 1572 extremum
623 1497 658 1576 se
679 1490 932 1596 praecipitandi
947 1496 1167 1576 occasionem
1185 1523 1287 1598 prae·

80 1584 163 1679 buit,
185 1587 242 1666 est
265 1591 343 1664 Leo
364 1591 519 1687 isaurus,
544 1593 748 1691 iaperator‚
772 1590 840 1667 bac
855 1590 1016 1700 ratione,
1040 1610 1080 1670 ut
1095 1595 1286 1696 Byzantinl

75 1678 255 1781 scriptores
269 1685 498 1784 posteriores,
522 1689 606 1789 Joh.
625 1687 796 1779 Zonarm
818 1705 857 1762 et
874 1685 956 1778 alai,
972 1709 1131 1785 narrant,
1155 1713 1286 1775 motura

78 1777 177 1857 Leoni
192 1803 332 1882 puero,
351 1781 448 1860 srmul
463 1785 631 1884 pauperi,
647 1805 685 1862 et
701 1783 786 1860 arria
800 1780 980 1875 sordidae,
995 1783 1167 1885 inperium
1182 1787 1284 1889 praei
1430 1815 1438 1821 ·

76 1872 230 1954 dixissent
252 1880 323 1954 duo
339 1877 486 1978 Judaei,
508 1884 569 1960 sub
585 1883 652 1960 bac
670 1878 901 1971 conditione,
926 1895 985 1970 ot,
1036 1883 1177 1984 uirquid
1195 1906 1284 1967 rone

76 1973 218 2072 abipso
250 1975 485 2073 postularent,
523 1977 679 2071 iaceret,
714 1980 757 2052 ab
788 1974 866 2086 ipso
895 1974 988 2050 admi
1011 2001 1048 2089 a.
1095 1983 1284 2078 luperam!

75 2065 188 2164 fallor,
216 2091 258 2146 et
285 2095 303 2146 a
327 2072 468 2172 Judaeir
488 2074 640 2172 promissi
663 2073 878 2157 admomtor,
904 2091 985 2146 cum
1008 2073 1059 2149 rili
1087 2073 1282 2174 imaginum

76 2164 338 2245 destructionem
362 2169 558 2268 periissent,
597 2173 804 2270 inperator,
845 2165 1000 2244 utillud
1032 2169 1207 2272 inpleret,
1238 2173 1278 2252 in

75 2259 238 2364 imaginer
266 2264 510 2344 insurrexisset.
557 2269 626 2345 Sed
649 2269 756 2344 multa
781 2263 854 2366 sese
873 2263 1051 2359 offerunt,
1075 2289 1165 2366 quae
1184 2271 1280 2348 band

73 2362 322 2450 demtionem,
362 2387 382 2440 a
418 2362 791 2440 catholico-Romania
815 2359 918 2435 avide
943 2381 1138 2458 arreptam,
1177 2365 1280 2443 evin·

74 2473 147 2532 tunt
169 2457 364 2535 fabulosam
388 2458 480 2552 effe,
512 2481 602 2558 quae
627 2455 858 2556 upanhemim
885 2453 958 2552 jam
979 2455 1015 2531 iu
1037 2459 1193 2535 medium
1217 2463 1280 2539 ad-

74 2549 169 2630 duxit.
225 2556 471 2654 Praeterquam
497 2557 592 2654 quod
621 2555 666 2630 de
690 2552 844 2630 sabuloso
870 2553 1087 2630 Graecorum
1110 2554 1282 2658 iugenio,

74 2665 106 2720 et
133 2651 221 2725 odio
244 2651 283 2726 in
308 2649 489 2745 Leonem,
535 2653 617 2729 satir
648 2649 808 2742 constet,
848 2651 955 2725 altum
987 2648 1056 2728 bac
1087 2653 1131 2728 de
1157 2676 1195 2730 re
1227 2655 1282 2734 esr

72 2747 152 2840 apud
179 2747 402 2844 antiquiores
425 2770 463 2824 et
488 2772 528 2824 ae
556 2750 647 2824 ualet
669 2747 856 2846 scriptores
878 2745 1071 2836 silentium,
1097 2750 1187 2825 nihil
1206 2754 1276 2828 eti·

72 2859 116 2914 aru
136 2841 246 2920 lirniie
268 2845 398 2920 habent
421 2845 513 2921 Adia
576 2841 714 2937 icaena,
739 2867 795 2920 rer
816 2839 890 2940 ipsa
913 2837 1018 2918 nimis
1040 2843 1091 2920 esi
1113 2845 1278 2944 inproba·

70 2935 134 3045 bilia
157 2959 195 3014 ct
219 2941 384 3032 ridicula,
419 2942 513 3040 quod
540 2941 664 3040 Judaei
685 2963 830 3038 regnum
853 2939 1124 3036 praedixissent,
1150 2962 1189 3017 ec
1221 2947 1278 3020 ni·

73 3028 199 3112 bri-nili
226 3038 423 3136 imaginum
447 3037 679 3114 abolitionem
709 3037 751 3113 in
781 3027 956 3126 Ecclesia,
993 3057 1082 3133 quae
1106 3037 1191 3136 ipsit
1214 3065 1278 3136 pat

74 3145 266 3304 liliis
294 3133 752 3330 ratrlllrljlrlt
769 3132 851 3302 ils
868 3131 1276 3308 irrueritis

71 3315 151 3414 serr,
165 3351 259 3403 anno
278 3327 412 3402 Leonis
432 3327 560 3424 inperii
576 3327 743 3424 septimo,
766 3323 934 3422 Judaeum
953 3323 1103 3422 aliquem
1119 3349 1165 3403 ex
1182 3329 1273 3405 Lao·

70 3414 179 3498 dicrea
201 3424 400 3500 maritimae
431 3423 622 3508 Phoenicis
637 3421 679 3496 ad
703 3421 829 3512 Gizid,
849 3421 1000 3495 Arabum
1026 3423 1185 3516 Ducem,
1210 3448 1273 3501 ve·

68 3511 160 3604 nisse,
177 3522 281 3620 eique
296 3543 348 3614 40
364 3543 534 3596 annornm
550 3517 785 3620 principatum
809 3513 1034 3614 promisiilso,
1060 3517 1086 3592 sr
1102 3515 1277 3615 imaginor

66 3605 306 3710 Ecclesiamm,
334 3616 384 3692 in*
400 3618 600 3714 principatu
622 3616 682 3690 suo
707 3611 872 3688 honorari
902 3613 1035 3700 solitar,
1061 3615 1275 3706 deponeret.

63 3699 114 3785 De
128 3713 252 3794 icone
265 3711 567 3794 verouibiibabet
576 3767 588 3808 ,
605 3733 707 3886 qqam
716 3733 865 3792 amaram
875 3711 966 3787 iliam
976 3729 1013 3785 et
1023 3706 1274 3878 illicitaqqdoc·
