3104 4814
148 632 222 711 360
289 618 293 623 '
323 662 333 729 ⁷.
535 614 685 718 Historia
706 615 835 720 Eccles.
858 608 975 719 cirillo

157 806 328 906 legitimo,
352 812 475 874 contra
490 797 658 899 Origenit
673 795 902 897 opinionem,
926 796 973 873 de
988 792 1189 898 restitutione
1212 792 1370 877 onomata

155 916 389 982 creaturarum
413 893 453 970 in
473 894 671 996 integrum,
702 910 777 994 quo,
798 893 1011 994 Gregoriutn
1033 895 1232 992 Nyffennm
1254 892 1310 997 ψ’
1324 890 1388 973 'ea''

155 994 324 1096 opinione
350 987 512 1067 defendit
537 993 605 1068 effe
632 991 793 1066 liberum.
841 993 1021 1089 Excerpta
1046 992 1123 1088 ejus
1147 991 1249 1066 dedit
1272 992 1372 1067 Pho·

156 1098 238 1171 tius.
272 1086 533 1164 Adtribuuntur
557 1085 695 1186 quidem
720 1086 784 1184 ipsu
808 1094 975 1161 orationes·
989 1086 1035 1160 de
1059 1090 1193 1178 cruce,
1216 1111 1238 1162 a
1262 1086 1374 1162 Gret·

39 1259 43 1266 .
154 1190 233 1267 sero
250 1188 393 1272 editae,
417 1204 455 1259 et
481 1184 568 1259 varii
573 1186 767 1351 1serrrrourt,
796 1183 833 1258 in
859 1185 977 1259 laudet
998 1182 1159 1274 Mariae,
1183 1182 1227 1257 ad
1241 1182 1373 1281 insani·

153 1310 211 1363 am
240 1283 345 1379 usqne
378 1279 618 1376 superstitiot,
655 1298 697 1351 ut
729 1279 767 1352 in
792 1277 1085 1376 Mariaesfosrr'ur
1109 1298 1147 1352 et
1178 1284 1300 1355 nonaria
1333 1278 1373 1354 in
1407 1336 1412 1345 .

152 1383 316 1555 corle
342 1378 530 1546 aulul·
543 1396 618 1546 nr
636 1367 1399 1568 lillltulrliltntu

161 1499 378 1659 Germanis,
403 1570 464 1667 qui
478 1569 665 1647 sedunt
682 1565 796 1657 vixit,
808 1570 856 1643 'iit
872 1592 894 1643 a
910 1561 1098 1657 Gretsero,
1122 1587 1159 1641 et
1172 1566 1269 1657 aliis,
1289 1567 1373 1643 satir

72 1752 75 1759 ,
158 1670 211 1748 est
234 1667 509 1762 comprobatum.
597 1663 665 1738 uod
698 1663 793 1739 idern
821 1666 865 1737 de
892 1664 1052 1739 Theoria
1074 1664 1168 1760 ejus,
1206 1661 1267 1736 seu
1291 1665 1373 1738 alle·

156 1759 540 1936 auriculum
564 1757 1374 1932 pluattitulandum

157 1889 181 1944 e
219 1922 227 1944 ,
902 1885 907 1899 ’
1204 1912 1213 1932 .

208 1957 239 2056 §-
257 1885 424 2027 qCXLIX.
451 1949 559 2025 Miffo
579 1950 693 2049 Cosmo
712 1953 875 2047 juniore,
899 1951 1051 2050 primum
1075 1952 1285 2045 MonachO,
1308 1952 1379 2042 deff·

156 2055 197 2139 in
220 2045 398 2143 Episcopo
423 2045 625 2143 Majumne,
650 2047 750 2145 cujus
773 2050 910 2124 celebre
933 2046 984 2122 est
1009 2072 1140 2123 nomen
1164 2046 1203 2122 iu
1229 2049 1382 2148 hymnis

157 2168 199 2229 et
220 2141 439 2241 carminibus·
450 2141 597 2217 Graecis
612 2166 694 2219 com
721 2143 886 2232 onendis,
911 2146 1003 2218 unde
1028 2145 1154 2243 Mrlrdi
1183 2167 1316 2220 nomen
1333 2144 1370 2220 ei

156 2236 331 2327 adhaesit,
363 2237 425 2335 qui
446 2239 552 2313 etiam
570 2261 660 2346 ⁸cuna
683 2169 846 2339 iohanne
870 2238 1089 2316 Damascene
1113 2263 1271 2332 canones,
1310 2240 1373 2317 seu

155 2341 288 2418 luorico
309 2332 408 2430 [otro
432 2352 470 2409 et
496 2341 661 2434 tropario,
692 2334 950 2432 antiphonatim
973 2336 1145 2424 canenda,
1170 2336 1307 2433 primur
1330 2338 1380 2415 in

154 2434 346 2517 Eccleliam
366 2430 536 2507 Giaecam
551 2432 771 2523 introduxit,
795 2454 946 2531 necnon
963 2430 1271 2528 Audreotletrufi,
1296 2435 1379 2511 Do·.·

157 2531 378 2618 inascinato,
396 2525 480 2601 dein
495 2530 660 2603 Diacono
679 2526 804 2618 CPol.‘,
829 2529 970 2605 tandem
985 2528 1267 2626 Arcbiepilcopo
1284 2533 1374 2607 Cre·

151 2628 262 2719 tenli,
286 2624 388 2721 cujus
410 2619 547 2699 exstant
564 2625 697 2721 aliquot
719 2624 915 2716 sermones,
943 2625 1119 2722 inprimis
1141 2625 1382 2736 panegyrici..

154 2717 405 2811 {Combefilto
417 2716 533 2813 editi,
557 2717 596 2799 in
611 2720 754 2796 nullurio.
771 2720 858 2796 Bibl.
876 2722 936 2813 Ρ.,
961 2745 1033 2795 non
1055 2722 1257 2820 spernendi,
1282 2745 1371 2819 quo-

153 2825 199 2907 ad
220 2816 415 2898 dodlrinam
440 2836 479 2892 et
504 2814 620 2909 offitia
644 2816 804 2895 moralia:
829 2817 1091 2916 cognoscendus
1118 2839 1201 2916 prae
1226 2816 1384 2916 reliquia,

153 2918 318 3000 omnibus
341 2912 395 3003 ell'
413 2913 498 3004 Jolr.
514 2912 760 3009 Damascenis,
784 2914 882 3012 cujus
903 2916 1008 3011 longe
1031 2911 1301 2990 celeberrimum
1317 2913 1371 2991 est
1403 2940 1414 2957 ¹

154 3033 307 3100 nomen,
331 3024 369 3080 et
396 3007 525 3116 scripta
550 3010 659 3106 scopo
683 3009 802 3085 nollro
827 3010 998 3086 utilissima
1022 3011 1111 3089 sunt.
1158 3008 1370 3091 Damasceni

151 3116 287 3191 nomen
313 3099 376 3204 ipli
404 3118 517 3199 patria
541 3104 701 3202 peperit,
726 3104 805 3178 alias
828 3128 848 3178 a
872 3105 1001 3181 familia
1027 3124 1066 3180 et
1087 3125 1197 3204 gente
1220 3107 1383 3183 Manlau.-

152 3201 367 3317 adpellatur,
392 3196 539 3274 nomine
563 3199 718 3275 Arabico
736 3199 888 3280 familiae
912 3204 987 3299 ejus
1011 3203 1178 3301 proprio,
1206 3200 1370 3281 Damasci

154 3304 297 3388 entur,¹
326 3317 391 3375 uae
407 3293 560 3372 Arabiae
583 3295 822 3388 contermina,
847 3318 884 3372 et
901 3296 1124 3394 calipharum
1147 3298 1244 3374 sedeo
1266 3318 1367 3393 erat,
1408 3300 1411 3305 ⁴

152 3401 272 3496 llngua
294 3319 445 3468 diabica
475 3413 504 3500 a·
518 3392 627 3491 longo
650 3411 726 3468 erat
751 3391 895 3483 usitata3
934 3390 1084 3489 denique
1111 3395 1369 3493 chrysorrhoar

152 3492 274 3575 obelo
298 3486 453 3561 uentiarn'
470 3485 584 3581 dicitur
606 3484 687 3561 fuit.
738 3491 920 3564 Parentem
945 3489 1068 3564 habuit
1084 3492 1245 3590 Sergium
1261 3495 1386 3571 Man·-

152 3588 245 3682 suri,
275 3512 507 3751 &nestorem
530 3580 727 3680 generalem
751 3584 923 3685 Principis
948 3587 1216 3681 Saracenorum,
1249 3609 1286 3664 et
1309 3590 1366 3686 ip·

153 3681 302 3778 fiCalip
330 3700 370 3755 ae
397 3675 676 3790 Abdolmelech'o
702 3684 922 3784 familiarem.
971 3682 1057 3761 Vid.
1083 3682 1296 3783 Theophan.
1321 3684 1366 3761 ad

153 3796 236 3879 ann,
269 3783 360 3853 otum
391 3771 575 3869 Justtmant
607 3777 859 3867 Rhinotmeti,
899 3800 1011 3853 etex
1044 3781 1300 3857 recentioribus
1333 3783 1369 3856 le

192 3880 250 3959 nin
274 3871 316 3947 ad
350 3866 686 3966 riloruDomosreui,
713 3874 773 3971 qui
799 3874 948 3970 majores
975 3877 1048 3973 ejus
1071 3876 1175 3952 etiarn
1200 3877 1368 3976 a'petdu·

152 3884 291 4061 Silonis
315 3962 461 4044 crimine
485 3962 523 4036 in
543 3965 747 4042 Heraclium
772 3967 946 4046 liberavit.
998 3971 1175 4049 Educatus
1201 3975 1238 4049 in
1256 3976 1369 4049 domo

146 4093 316 4181 paterna,
340 4081 378 4140 et
392 4057 570 4181 institutus
594 4063 755 4138 acosma
771 4066 975 4176 Monacho,
1002 4091 1070 4169 una
1094 4093 1177 4147 cum
1202 4071 1281 4187 inq,
1305 4093 1384 4180 ῳ..

1315 4188 1376 4262 Jus
