3104 4814
538 672 541 677 .
666 592 779 673 'soal
805 586 891 674 Vri.
1338 598 1404 705 &p
1504 621 1517 641 ,

162 770 316 847 nitentia
341 770 474 870 expiari
498 770 618 871 polle,
642 768 752 850 fuerit
775 775 958 866 statutum,
984 790 1021 848 et
1034 774 1219 851 creditum.
1271 776 1386 879 Quam

158 866 196 942 iu
232 892 312 941 rem
344 868 553 943 consulenda
582 872 661 945 sunt
698 872 881 947 Theodori
925 871 1180 946 Cantuariensra
1214 872 1383 969 capitula,

157 985 310 1060 quorum
339 962 377 1039 in
408 965 485 1061 ejur
508 966 583 1043 vita
604 966 770 1059 memini,
796 984 853 1041 ou.
879 990 932 1063 gr.
960 964 1137 1041 homicida
1164 966 1244 1042 laici
1259 972 1384 1065 poenil

158 1078 229 1132 teat
246 1080 320 1130 tren
336 1080 470 1150 annot,
495 1079 587 1135 utet
603 1063 737 1135 adulter
754 1084 824 1138 etc.
876 1066 999 1136 Canon
1017 1080 1131 1135 tamea
1148 1084 1235 1153 pnes
1247 1067 1379 1145 concii

162 1154 201 1227 lii
218 1155 405 1245 Remensra
424 1180 455 1230 a.
473 1163 556 1251 630.
579 1158 671 1253 ‘apud
690 1159 873 1233 Flodourd.
900 1159 921 1231 Ι.
946 1159 991 1230 11.
1018 1156 1091 1252 lust.
1115 1156 1284 1251 Etclrstar
1309 1158 1381 1233 Ra

166 1248 278 1341 amfis
311 1250 442 1339 habet,
481 1274 562 1327 cum
587 1251 766 1328 homicida
797 1254 991 1351 spontaneo
1015 1274 1088 1326 non
1121 1254 1192 1328 elie
1222 1268 1383 1331 commu·-

166 1346 347 1419 uicandum
374 1347 530 1443 penitae,
554 1367 727 1440 attamen,
753 1346 1050 1447 ilpoenitentiam
1077 1346 1208 1441 egerit,
1233 1351 1267 1421 in
1292 1357 1382 1433 calta

164 1443 191 1515 ri
214 1446 444 1515 communionis
466 1448 621 1518 alaricum
645 1464 705 1517 nan
730 1442 790 1541 effe
808 1444 1034 1539 denegandum.
1085 1445 1123 1515 Si
1141 1463 1259 1517 autern
1283 1446 1382 1527 huuc

165 1536 302 1611 illumve
325 1537 459 1628 ritum,
483 1537 585 1635 saepe
601 1537 893 1635 superstitiosum,
918 1537 1042 1634 aliquia
1063 1558 1134 1611 non
1153 1538 1379 1641 pbservaret,

168 1628 317 1727 pariari
349 1632 597 1729 subjiciebatur
629 1636 886 1731 poenitentiae.
922 1660 924 1664 ·
949 1633 1115 1727 Denique
1144 1654 1185 1723 4.-
1201 1634 1379 1731 disciplina

169 1729 296 1815 artaal,
336 1727 376 1799 itt
402 1728 589 1804 reticentia
621 1726 887 1828 mysteriorum,
925 1747 964 1802 et
985 1726 1186 1801 dlmiffione
1206 1731 1376 1803 catechus

169 1842 359 1914 ettenorum,
384 1823 469 1914 fita,
492 1824 666 1901 obsolevit
685 1825 756 1900 hoc
774 1826 890 1902 seculo
905 1824 942 1897 in
962 1822 1181 1911 Occidente,
1205 1823 1264 1896 sed
1282 1842 1379 1898 man·

166 1916 341 2091 iiam
363 1917 409 2029 in
434 1918 592 2023 Oriente.
639 1922 697 1997 De
723 1944 795 2021 quo
818 1919 889 1998 vid.
923 1914 1129 1996 Teutzeliut
1158 1918 1198 1996 in
1219 1916 1311 1997 libro
1332 1920 1379 1999 de

248 2030 408 2091 mitem.

665 2200 866 2284 sindoni

204 2396 235 2496 ς.
259 2392 433 2471 XXXIX.
473 2394 575 2469 Duae
596 2392 728 2491 synodi
754 2396 1015 2471 oecumenicae
1040 2392 1120 2469 sunt
1151 2396 1377 2487 celebratae}

165 2494 340 2570 Cl’olitana
373 2490 442 2565 vi.
476 2510 514 2563 et
549 2490 796 2593 Quinidexra,
838 2514 980 2590 quarum
1021 2489 1165 2566 historia
1206 2492 1375 2572 tradenda

164 2588 222 2663 til.
270 2588 392 2673 Prior,
430 2584 529 2681 cujus
554 2588 680 2661 notitia
708 2588 860 2681 petenda
887 2584 937 2662 est
962 2606 1006 2659 ea
1032 2587 1209 2662 Germano
1242 2589 1376 2665 CPolit.

162 2687 201 2758 de
224 2685 366 2781 synodis
392 2683 615 2756 Orcumtar'cr'r
637 2684 726 2777 apud
758 2682 1000 2793 M⁰³”.⁶.V³¹·
1025 2685 1059 2757 S.
1087 2702 1123 2844 p.
1149 2683 1179 2790 ¹:
1211 2700 1248 2754 et
1278 2685 1379 2799 rinp-

161 2796 284 2948 llll
306 2778 823 2962 lirellllllnielnlllll
849 2778 944 2958 llll·
958 2780 1378 2977 olllllllitllplt

160 2972 230 3044 lata
251 2968 313 3042 eit.
361 2971 526 3042 Ceterum
547 2978 833 3066 minantum-u
855 2965 907 3040 est
933 2968 1029 3039 locus
1062 2987 1097 3037 tn
1129 2962 1276 3056 Palatio,
1316 2967 1377 3043 se'tl

162 3064 321 3139 sacellum
344 3081 580 3154 cameratum,
619 3066 677 3138 ubi
702 3063 924 3137 secretarium
948 3060 1118 3154 Principia
1144 3059 1214 3149 est,
1254 3085 1276 3134 a
1301 3061 1378 3135 iol·

158 3159 257 3251 nice,
282 3163 340 3233 vel
356 3180 460 3247 arcu,
481 3161 625 3233 nomine
643 3158 769 3235 trad'lo.
817 3159 904 3231 Vid.
923 3157 1071 3251 Congius
1093 3158 1128 3226 iu
1147 3157 1243 3231 CPol.
1271 3156 1380 3253 Ciris·

158 3261 253 3331 rinna
269 3258 292 3332 l.
317 3256 384 3329 Ill.
432 3254 572 3347 incepit
619 3277 736 3330 autern
770 3277 800 3327 a.
825 3260 910 3334 680.
943 3251 1047 3324 mens.
1073 3251 1173 3325 Nov.
1207 3271 1246 3324 et
1279 3254 1379 3333 linita

157 3352 209 3425 est
231 3376 264 3426 a.
290 3358 375 3431 681.
400 3350 507 3422 mens.
534 3353 654 3447 Sept,
686 3372 755 3448 quo
781 3368 941 3446 tempore
969 3348 1151 3441 inperator
1175 3344 1244 3435 fuit
1280 3351 1376 3422 con·

158 3446 330 3522 stantinua
359 3447 576 3540 pogonatus,
605 3448 694 3540 Papa
726 3447 884 3541 Agatha,
909 3460 944 3514 et
965 3440 1159 3515 Patrialclra'
1172 3442 1278 3517 cru.
1303 3428 1378 3517 Ge*

159 3543 293 3637 argius.
338 3544 538 3615 Convocata
564 3540 616 3615 est
640 3563 710 3615 noo
732 3563 752 3613 a
777 3543 887 3637 Papa,
922 3535 979 3610 sed
992 3522 1062 3645 ii·
1094 3550 1239 3647 ratores
1265 3550 1312 3610 ut'
1327 3539 1379 3614 sni

159 3656 247 3712 erae
274 3636 426 3726 divales,
457 3638 499 3710 ad
514 3639 641 3734 Papam
659 3655 696 3709 et
714 3636 946 3709 Patriarcham
968 3633 1039 3704 dire
1076 3651 1136 3717 ae,
1159 3644 1196 3702 et
1212 3636 1379 3731 1n85n0=

156 3732 203 3805 do
228 3732 415 3824 recitatae,
459 3733 549 3805 clare
573 3733 762 3818 evincunt,
803 3731 877 3828 ipse
903 3730 990 3822 Papa
1020 3727 1057 3800 io
1080 3725 1305 3821 responsoriis
1327 3729 1380 3804 fae

157 3846 268 3920 tetur,
310 3844 475 3903 necnon
503 3846 575 3902 tota
600 3827 782 3921 synodus,
821 3848 866 3898 ne
887 3822 970 3897 alioa
1003 3840 1192 3896 memorem
1222 3844 1376 3904 autorea.

156 3924 246 4001 vid.
277 3921 456 3999 Launoiun
480 3948 519 4020 p.
544 3923 611 3998 Vl.
637 3948 693 4020 ep.
720 3927 753 3996 ό.
802 3919 942 3999 Praesea
961 3916 1095 4014 Synodi
1117 3938 1186 3991 non
1210 3917 1279 3991 fuit
1312 3922 1377 3991 Pa·

154 4042 199 4121 pfl
220 4042 288 4121 pet
309 4023 487 4122 Legatos,
512 4018 573 4097 sed
596 4017 882 4209 ³⁰9⁹”t01{‘4q⁰i
904 4015 1010 4093 etiam
1033 4011 1099 4093 att.
1115 4015 1159 4170 7Ι.
1187 3998 1383 4204 1)νέἕῖιὶξῖ
