3104 4814
594 632 627 649 ''
657 623 767 704 Serui.
792 627 880 705 Vir.
906 642 911 647 '
1011 680 1015 687 -
1341 654 1418 729 19,

161 803 249 885 defi:
281 800 502 904 repofitnm,
542 822 715 879 memorat
740 804 972 902 Nicephorut
1005 806 1109 884 CPol.
1142 807 1181 885 in
1215 810 1388 888 Breviarr'u

160 905 260 1005 ir‘sser.
277 928 316 980 a.
334 910 421 999 631.
461 902 603 991 Attara,
619 903 737 977 Abbae
752 903 949 995 Bobiensra,
969 904 1151 1000 egrediens
1167 906 1404 1004 ingrediens·'

160 1026 220 1101 que
245 1001 433 1090 cellutam,
459 997 553 1072 radia
570 996 702 1087 cratia,
727 1021 830 1094 quam
845 1000 896 1073 ibi
911 1004 996 1098 poni
1011 1023 1263 1098 praeceperat,
1287 1005 1386 1079 iron-

160 1121 225 1173 rem
243 1096 454 1185 muniebat,
478 1090 661 1191 dixitque,
686 1117 747 1168 ere
771 1096 861 1170 aima
890 1122 997 1187 crae,
1022 1120 1103 1191 qnae
1124 1103 1232 1175 mnndi
1246 1106 1387 1196 pretium

157 1193 287 1295 portasti
305 1213 406 1285 etc.,
429 1211 470 1264 ut
486 1189 592 1263 tradit
607 1209 710 1264 autor
730 1189 826 1267 vitae
841 1192 916 1288 ejus
930 1198 1023 1289 apud
1040 1194 1223 1270 Mabillon.
1246 1201 1324 1272 Sec.
1337 1197 1385 1275 ΙΙ.

159 1288 377 1365 Βωεάἰᾶἰη.
430 1288 546 1362 Venit
566 1285 719 1382 denique
745 1290 981 1382 Augustinus,
1012 1309 1050 1360 ut
1067 1292 1165 1384 supra
1181 1295 1318 1367 narravi
1339 1292 1385 1366 ad

159 1387 223 1462 sec.
246 1387 401 1471 Virum,
442 1385 485 1457 ai
510 1383 645 1477 Augias
671 1407 743 1456 cam
770 1406 865 1458 cruce
899 1400 1057 1480 argentea
1085 1403 1143 1479 pre
1167 1393 1306 1479 uexillo,
1351 1405 1385 1461 er

160 1486 335 1580 imaginem
351 1479 535 1574 salvareris
569 1483 607 1551 in
641 1478 754 1551 tabula
788 1472 963 1576 depidiam
997 1481 1141 1555 habene.
1201 1484 1389 1560 Notabilra

159 1581 235 1654 suut
266 1574 410 1650 Aicuini
436 1598 514 1670 cap.
537 1572 584 1645 de
596 1571 694 1666 feria
703 1572 808 1665 seara
822 1579 1054 1672 parasiireris,
1083 1576 1153 1651 sec.
1180 1577 1250 1675 seq.
1277 1583 1385 1674 scrip·

162 1676 277 1763 turia,
309 1674 446 1746 verba:
482 1670 721 1764 quandonam
753 1693 879 1746 crucem
917 1678 1110 1759 aduramur,
1151 1696 1238 1748 amne
1273 1698 1386 1771 corpur

160 1774 300 1940 2⁰32*
310 1764 1167 1960 15:2‘0‘‚tiniernidmnninni'n‘zn
1191 1769 1324 1962 itit
1326 1796 1384 1943 ⁶2·
1484 1806 1487 1811 ’

418 1916 430 1951 2
774 1917 785 1951 9

158 1962 241 2036 iiiia
263 1959 351 2045 Dei,
395 1959 500 2053 ipsam
523 1957 706 2039 aduramur·
749 1958 1000 2058 -Prasternimur
1032 1918 1161 2054 impare
1198 1979 1275 2037 anre
1310 1976 1402 2043 erni¹

155 2083 242 2148 cem,
267 2071 376 2133 mente
387 2070 466 2128 ante
481 2053 674 2127 Dominum:
688 2074 876 2129 veneramur
889 2078 1036 2147 crurem,
1049 2074 1109 2150 per
1123 2079 1217 2151 quam
1241 2059 1385 2157 redemp-

159 2162 189 2236 ti
200 2153 342 2253 semar,
368 2169 400 2224 et
416 2154 510 2224 iilum
523 2150 751 2257 deprecamur,
774 2155 828 2246 qai
841 2153 987 2227 redemit.
1037 2153 1096 2226 De
1121 2151 1276 2230 efficacia
1294 2178 1395 2230 veto,

161 2252 248 2353 sigui
262 2245 379 2324 crucia
399 2246 437 2320 in
459 2243 581 2318 fronte
594 2266 667 2343 agrt
684 2242 833 2320 Isidorus
848 2249 893 2320 de
908 2249 1071 2322 natatione
1090 2250 1241 2324 Gentium
1265 2275 1297 2325 c.
1319 2274 1338 2325 2
1344 2274 1394 2342 5..

206 2347 241 2445 §.
266 2344 372 2422 xlv.
414 2341 521 2440 Quod
558 2362 675 2415 autem
706 2341 751 2414 ad
784 2345 945 2439 imagines
983 2342 1144 2434 adtinet,
1195 2347 1383 2422 Heraclius

159 2447 366 2540 inperator,
404 2437 491 2512 ficut
516 2457 598 2530 erga
621 2457 791 2527 crucem,
830 2439 879 2514 ita
903 2458 941 2513 et
964 2462 1046 2534 erga
1070 2439 1273 2536 imagines,
1306 2443 1394 2516 sese.

160 2544 197 2618 su
226 2533 440 2613 erstitioium
461 2531 650 2631 praestitit,
684 2531 811 2628 absque
837 2553 958 2609 tamen
983 2555 1022 2609 ut
1047 2558 1106 2608 eae
1134 2538 1270 2630 legatur
1296 2539 1378 2613 ado·

161 2661 178 2709 r
225 2659 259 2709 e.
304 2633 436 2706 Narrat
459 2649 594 2703 tantum
608 2628 646 2703 in
661 2633 731 2703 aira
751 2630 896 2703 Heraclii
916 2631 1181 2725 Theophanes,
1211 2657 1316 2724 eum,
1336 2634 1390 2707 fi··

160 2733 266 2808 ducia
288 2727 327 2803 in
343 2752 385 2801 ea
411 2724 542 2822 posrta,
567 2721 692 2820 juraffe
703 2723 807 2819 snper
830 2730 974 2820 imagine
1000 2726 1130 2823 Christi.
1190 2728 1313 2824 Longe
1330 2731 1383 2803 su·

161 2823 456 2928 perstitiofiorem
479 2819 550 2894 sese
571 2820 731 2917 praebuit
756 2821 979 2917 Sophroniur
998 2823 1236 2917 Hierosolym.
1263 2831 1299 2895 in
1324 2847 1380 2894 en·

163 2931 270 3002 tamin
293 2919 393 3017 Cyri,
420 2919 503 2991 dum
538 2917 685 3012 lepidam
702 2936 817 2989 narrat
834 2915 1004 3003 fabulam,
1028 2917 1073 2988 de
1092 2914 1247 2991 solitario
1263 2941 1282 2992 a
1298 2918 1384 2992 Dia·

163 3023 257 3096 boio
281 3034 432 3101 vexato;
462 3013 548 3108 qui,
575 3035 653 3085 cum
673 3034 693 3083 a
712 3013 899 3084 Daemone
914 3010 1120 3100 audivisset‚
1144 3011 1208 3087 sea
1226 3033 1382 3088 tormen·

163 3117 213 3192 tis
239 3112 473 3199 tiberandum,
500 3106 524 3181 sr
549 3107 705 3205 juraret,
728 3105 763 3180 se
788 3108 959 3202 imaginem
977 3106 1124 3205 virginis
1141 3110 1277 3185 Mariae
1296 3132 1383 3185 nuu-

163 3235 270 3323 quam
297 3207 366 3280 effe
389 3205 631 3293 adoraturum,
657 3205 700 3277 ab
716 3203 873 3294 Abbate,
902 3228 1006 3300 quem
1023 3204 1217 3295 consuluit,
1241 3206 1311 3279 hoc
1329 3228 1382 3280 ru·

163 3313 205 3384 lrt
238 3301 462 3399 responsum,
499 3301 625 3374 nullam
650 3302 697 3374 ub
722 3299 853 3372 causam
874 3300 1106 3372 omittendam
1132 3300 1202 3375 effe
1227 3302 1380 3392 Christi,

166 3426 202 3480 et
232 3400 354 3476 matria
380 3397 472 3493 ejus,
504 3394 669 3492 imaginis
700 3395 953 3468 adorationem.
987 3397 1171 3470 Praeterea
1202 3398 1382 3493 Johannea

165 3500 425 3581 Anachoreta,
459 3492 549 3567 haud
577 3491 700 3589 procul
725 3489 1002 3589 Hierosolymis,
1027 3491 1214 3588 imaginem
1248 3493 1383 3587 Deipa·

166 3622 249 3685 rae,
283 3588 477 3668 Dominum
501 3591 619 3664 Deum
642 3584 798 3660 nostrum
826 3588 864 3661 in
889 3589 978 3661 ulnis
1001 3584 1217 3683 gestantem,
1264 3588 1382 3664 secum

165 3698 303 3791 semper
326 3686 363 3767 in
388 3686 551 3781 spelunea
575 3684 747 3770 habebat,
770 3701 830 3773 et,
854 3683 926 3756 iter
950 3682 1179 3780 ingressurus,
1207 3683 1288 3757 Deo
1305 3683 1381 3780 sup·

166 3795 318 3889 plicans,
343 3781 486 3855 dicebat
503 3780 545 3854 ad
564 3775 767 3866 Βοωὶυεω,
787 3776 1006 3853 intendendo
1025 3782 1060 3851 in
1077 3780 1267 3874 imaginem
1286 3781 1384 3873 ejus,

157 3889 277 3985 sanein
296 3880 442 3954 Domina
459 3877 625 3971 Deipma,
659 3876 834 3965 candelae,
859 3871 980 4045 gadiram
998 3876 1112 3949 secum
1128 3869 1281 3967 ferebat)
1308 3890 1386 3948 tuae

166 4006 275 4061 euram
295 3981 395 4066 iane,
424 3997 465 4048 ne
490 3973 728 4075 exstinguatur.
754 3970 842 4046 Vid.
915 3971 1039 4045 osthus
1057 3971 1092 4045 in
1110 3972 1214 4044 Prato
1233 3995 1268 4063 ρ.
1294 3974 1382 4060 438.

164 4074 342 4223 notabilia
363 4068 523 4169 denique
547 4070 601 4151 ess
620 4070 713 4148 daut
732 4064 870 4240 ὶηοιέω
893 4088 1006 4145 cauuu
1022 4074 1082 4151 82.
1105 4064 1250 4144 concilii
1282 4061 1397 4249 elffii&
